<?xml version="1.0" encoding="UTF-8"?>
<!DOCTYPE html PUBLIC "-//W3C//DTD XHTML 1.0 Transitional//EN"
    "http://www.w3.org/TR/xhtml1/DTD/xhtml1-transitional.dtd">
<html xmlns="http://www.w3.org/1999/xhtml" xml:lang="en" lang="en">
 <head>
  <title>
</title>
<meta http-equiv="Content-Type" content="text/html;charset=utf-8" />
  <meta name='ocr-system' content='tesseract 3.04.00' />
  <meta name='ocr-capabilities' content='ocr_page ocr_carea ocr_par ocr_line ocrx_word'/>
</head>
<body>
  <div class='ocr_page' id='page_1' title='image "./demenandrireliq00kretgoog_0078.png"; bbox 0 0 3448 5134; ppageno 0'>
   <div class='ocr_carea' id='block_1_1' title="bbox 717 375 940 442">
    <p class='ocr_par' dir='ltr' id='par_1_1' title="bbox 717 375 940 442">
     <span class='ocr_line' id='line_1_1' title="bbox 717 375 940 442; baseline 0.004 -20"><span class='ocrx_word' id='word_1_1' title='bbox 717 375 940 442; x_wconf 74' lang='lat'>..73-</span> 
     </span>
    </p>
   </div>
   <div class='ocr_carea' id='block_1_2' title="bbox 181 550 1483 2795">
    <p class='ocr_par' dir='ltr' id='par_1_2' title="bbox 181 550 1483 2795">
     <span class='ocr_line' id='line_1_2' title="bbox 186 550 1465 638; baseline 0.004 -21"><span class='ocrx_word' id='word_1_2' title='bbox 186 575 241 617; x_wconf 93' lang='lat' dir='ltr'>uu.</span> <span class='ocrx_word' id='word_1_3' title='bbox 258 553 300 618; x_wconf 84' lang='lat'>55</span> <span class='ocrx_word' id='word_1_4' title='bbox 317 573 386 638; x_wconf 88' lang='lat' dir='ltr'><strong>sqq.</strong></span> <span class='ocrx_word' id='word_1_5' title='bbox 409 550 533 636; x_wconf 90' lang='lat' dir='ltr'>Diphili</span> <span class='ocrx_word' id='word_1_6' title='bbox 554 550 708 620; x_wconf 82' lang='lat' dir='ltr'>fabulam</span> <span class='ocrx_word' id='word_1_7' title='bbox 731 573 818 638; x_wconf 88' lang='lat' dir='ltr'>quae</span> <span class='ocrx_word' id='word_1_8' title='bbox 845 555 958 638; x_wconf 85' lang='grc' dir='ltr'><strong><em>Γάμος</em></strong></span> <span class='ocrx_word' id='word_1_9' title='bbox 981 554 1167 620; x_wconf 86' lang='lat' dir='ltr'>uocabatur</span> <span class='ocrx_word' id='word_1_10' title='bbox 1183 555 1361 621; x_wconf 83' lang='lat' dir='ltr'>manifeste</span> <span class='ocrx_word' id='word_1_11' title='bbox 1387 559 1465 622; x_wconf 86' lang='lat' dir='ltr'>ante</span> 
     </span>
     <span class='ocr_line' id='line_1_3' title="bbox 185 648 1466 738; baseline 0.004 -23"><span class='ocrx_word' id='word_1_12' title='bbox 185 650 297 721; x_wconf 92' lang='lat' dir='ltr'>oculos</span> <span class='ocrx_word' id='word_1_13' title='bbox 328 649 449 715; x_wconf 89' lang='lat' dir='ltr'>habuit</span> <span class='ocrx_word' id='word_1_14' title='bbox 472 649 509 714; x_wconf 86' lang='lat' dir='ltr'>cf.</span> <span class='ocrx_word' id='word_1_15' title='bbox 534 671 636 736; x_wconf 89' lang='lat' dir='ltr'>supra</span> <span class='ocrx_word' id='word_1_16' title='bbox 650 672 681 735; x_wconf 92' lang='lat' dir='ltr'>p.</span> <span class='ocrx_word' id='word_1_17' title='bbox 697 650 749 717; x_wconf 81' lang='lat'>71.</span> <span class='ocrx_word' id='word_1_18' title='bbox 786 648 855 716; x_wconf 87' lang='lat' dir='ltr'>Sed</span> <span class='ocrx_word' id='word_1_19' title='bbox 879 651 920 716; x_wconf 92' lang='lat' dir='ltr'>ad</span> <span class='ocrx_word' id='word_1_20' title='bbox 951 652 1025 738; x_wconf 92' lang='lat' dir='ltr'>ipsa</span> <span class='ocrx_word' id='word_1_21' title='bbox 1056 673 1206 738; x_wconf 91' lang='lat' dir='ltr'>eaquae</span> <span class='ocrx_word' id='word_1_22' title='bbox 1238 656 1318 718; x_wconf 88' lang='lat' dir='ltr'>eunt</span> <span class='ocrx_word' id='word_1_23' title='bbox 1340 653 1466 720; x_wconf 88' lang='lat' dir='ltr'>tradita</span> 
     </span>
     <span class='ocr_line' id='line_1_4' title="bbox 183 745 1466 836; baseline 0.002 -22"><span class='ocrx_word' id='word_1_24' title='bbox 183 746 435 834; x_wconf 89' lang='lat' dir='ltr'>interpretanda</span> <span class='ocrx_word' id='word_1_25' title='bbox 470 745 677 814; x_wconf 78' lang='lat' dir='ltr'><strong>accedamus,</strong></span> <span class='ocrx_word' id='word_1_26' title='bbox 728 750 776 814; x_wconf 87' lang='lat' dir='ltr'>Ac</span> <span class='ocrx_word' id='word_1_27' title='bbox 810 770 866 814; x_wconf 90' lang='lat' dir='ltr'>uu.</span> <span class='ocrx_word' id='word_1_28' title='bbox 889 749 932 816; x_wconf 81' lang='lat'>89</span> <span class='ocrx_word' id='word_1_29' title='bbox 957 771 1026 836; x_wconf 85' lang='lat' dir='ltr'>sqq.</span> <span class='ocrx_word' id='word_1_30' title='bbox 1060 747 1217 815; x_wconf 91' lang='lat' dir='ltr'>lenonem</span> <span class='ocrx_word' id='word_1_31' title='bbox 1250 752 1466 836; x_wconf 90' lang='lat' dir='ltr'>pronuntiare</span> 
     </span>
     <span class='ocr_line' id='line_1_5' title="bbox 186 844 1467 935; baseline 0.004 -25"><span class='ocrx_word' id='word_1_32' title='bbox 186 847 325 928; x_wconf 91' lang='lat' dir='ltr'>agnouit</span> <span class='ocrx_word' id='word_1_33' title='bbox 347 844 426 928; x_wconf 86' lang='lat' dir='ltr'>Leo,</span> <span class='ocrx_word' id='word_1_34' title='bbox 459 865 516 910; x_wconf 92' lang='lat' dir='ltr'>eos</span> <span class='ocrx_word' id='word_1_35' title='bbox 550 845 607 931; x_wconf 92' lang='lat' dir='ltr'>qui</span> <span class='ocrx_word' id='word_1_36' title='bbox 637 844 842 912; x_wconf 89' lang='lat' dir='ltr'>antecedunt</span> <span class='ocrx_word' id='word_1_37' title='bbox 874 846 1017 912; x_wconf 88' lang='lat' dir='ltr'>alterum</span> <span class='ocrx_word' id='word_1_38' title='bbox 1045 846 1221 933; x_wconf 92' lang='lat' dir='ltr'>quendam.</span> <span class='ocrx_word' id='word_1_39' title='bbox 1268 849 1331 929; x_wconf 77' lang='lat' dir='ltr'>Qui</span> <span class='ocrx_word' id='word_1_40' title='bbox 1353 851 1467 935; x_wconf 82' lang='lat' dir='ltr'>potest</span> 
     </span>
     <span class='ocr_line' id='line_1_6' title="bbox 187 943 1468 1033; baseline 0.003 -25"><span class='ocrx_word' id='word_1_41' title='bbox 187 965 261 1008; x_wconf 90' lang='lat' dir='ltr'>esse</span> <span class='ocrx_word' id='word_1_42' title='bbox 277 963 408 1026; x_wconf 92' lang='lat' dir='ltr'>seruus;</span> <span class='ocrx_word' id='word_1_43' title='bbox 426 943 485 1009; x_wconf 91' lang='lat' dir='ltr'>sed</span> <span class='ocrx_word' id='word_1_44' title='bbox 498 964 573 1008; x_wconf 91' lang='lat' dir='ltr'>cum</span> <span class='ocrx_word' id='word_1_45' title='bbox 586 943 675 1029; x_wconf 92' lang='lat' dir='ltr'>apud</span> <span class='ocrx_word' id='word_1_46' title='bbox 689 943 858 1030; x_wconf 89' lang='lat' dir='ltr'>Diphilum</span> <span class='ocrx_word' id='word_1_47' title='bbox 871 944 920 1027; x_wconf 80' lang='lat' dir='ltr'>(cf.</span> <span class='ocrx_word' id='word_1_48' title='bbox 935 945 1044 1012; x_wconf 92' lang='lat' dir='ltr'>Plaut.</span> <span class='ocrx_word' id='word_1_49' title='bbox 1060 944 1144 1013; x_wconf 86' lang='lat' dir='ltr'>Rud</span> <span class='ocrx_word' id='word_1_50' title='bbox 1160 946 1203 1012; x_wconf 87' lang='grc'>49</span> <span class='ocrx_word' id='word_1_51' title='bbox 1220 950 1300 1033; x_wconf 80' lang='lat' dir='ltr'>sqq.)</span> <span class='ocrx_word' id='word_1_52' title='bbox 1312 945 1468 1012; x_wconf 92' lang='lat' dir='ltr'>lenonem</span> 
     </span>
     <span class='ocr_line' id='line_1_7' title="bbox 184 1040 1468 1130; baseline 0.002 -23"><span class='ocrx_word' id='word_1_53' title='bbox 184 1040 319 1107; x_wconf 89' lang='lat' dir='ltr'>consilio</span> <span class='ocrx_word' id='word_1_54' title='bbox 344 1041 483 1107; x_wconf 91' lang='lat' dir='ltr'>adiuuet</span> <span class='ocrx_word' id='word_1_55' title='bbox 505 1040 627 1126; x_wconf 91' lang='lat' dir='ltr'>hospes</span> <span class='ocrx_word' id='word_1_56' title='bbox 651 1041 795 1128; x_wconf 87' lang='lat' dir='ltr'>quidam,</span> <span class='ocrx_word' id='word_1_57' title='bbox 820 1043 884 1108; x_wconf 92' lang='lat' dir='ltr'>hoc</span> <span class='ocrx_word' id='word_1_58' title='bbox 907 1064 1038 1130; x_wconf 92' lang='lat' dir='ltr'>quoque</span> <span class='ocrx_word' id='word_1_59' title='bbox 1065 1044 1100 1108; x_wconf 91' lang='lat' dir='ltr'>in</span> <span class='ocrx_word' id='word_1_60' title='bbox 1123 1043 1196 1109; x_wconf 93' lang='lat' dir='ltr'>loco</span> <span class='ocrx_word' id='word_1_61' title='bbox 1220 1043 1387 1130; x_wconf 83' lang='lat' dir='ltr'>hospitem</span> <span class='ocrx_word' id='word_1_62' title='bbox 1411 1043 1468 1110; x_wconf 92' lang='lat' dir='ltr'>uel</span> 
     </span>
     <span class='ocr_line' id='line_1_8' title="bbox 185 1137 1466 1229; baseline 0.002 -24"><span class='ocrx_word' id='word_1_63' title='bbox 185 1141 329 1205; x_wconf 90' lang='lat' dir='ltr'>amicum</span> <span class='ocrx_word' id='word_1_64' title='bbox 352 1159 428 1204; x_wconf 92' lang='lat' dir='ltr'>cum</span> <span class='ocrx_word' id='word_1_65' title='bbox 451 1137 570 1204; x_wconf 90' lang='lat' dir='ltr'>lenone</span> <span class='ocrx_word' id='word_1_66' title='bbox 595 1139 750 1225; x_wconf 79' lang='lat' dir='ltr'>conloqui</span> <span class='ocrx_word' id='word_1_67' title='bbox 781 1143 930 1207; x_wconf 88' lang='lat' dir='ltr'>statuere</span> <span class='ocrx_word' id='word_1_68' title='bbox 961 1142 1083 1207; x_wconf 87' lang='lat' dir='ltr'>malim.</span> <span class='ocrx_word' id='word_1_69' title='bbox 1131 1141 1193 1221; x_wconf 76' lang='lat' dir='ltr'>Qui</span> <span class='ocrx_word' id='word_1_70' title='bbox 1223 1141 1346 1227; x_wconf 80' lang='lat' dir='ltr'>hospes</span> <span class='ocrx_word' id='word_1_71' title='bbox 1378 1163 1466 1229; x_wconf 87' lang='lat' dir='ltr'>quae</span> 
     </span>
     <span class='ocr_line' id='line_1_9' title="bbox 184 1236 1466 1325; baseline 0.002 -23"><span class='ocrx_word' id='word_1_72' title='bbox 184 1236 262 1302; x_wconf 88' lang='lat' dir='ltr'>dicit</span> <span class='ocrx_word' id='word_1_73' title='bbox 285 1258 341 1302; x_wconf 94' lang='lat' dir='ltr'>uu.</span> <span class='ocrx_word' id='word_1_74' title='bbox 361 1237 405 1302; x_wconf 84' lang='lat'>84</span> <span class='ocrx_word' id='word_1_75' title='bbox 426 1258 505 1323; x_wconf 84' lang='lat' dir='ltr'>sqq,</span> <span class='ocrx_word' id='word_1_76' title='bbox 538 1258 581 1302; x_wconf 92' lang='lat' dir='ltr'>ea</span> <span class='ocrx_word' id='word_1_77' title='bbox 611 1237 754 1303; x_wconf 81' lang='lat' dir='ltr'>tortasse</span> <span class='ocrx_word' id='word_1_78' title='bbox 786 1239 833 1303; x_wconf 91' lang='lat' dir='ltr'>sic</span> <span class='ocrx_word' id='word_1_79' title='bbox 860 1238 1166 1324; x_wconf 80' lang='lat' dir='ltr'>interpretabimur:</span> <span class='ocrx_word' id='word_1_80' title='bbox 1199 1238 1378 1325; x_wconf 69' lang='lat' dir='ltr'>‘Proiectq</span> <span class='ocrx_word' id='word_1_81' title='bbox 1412 1240 1466 1305; x_wconf 93' lang='lat' dir='ltr'>hic</span> 
     </span>
     <span class='ocr_line' id='line_1_10' title="bbox 183 1332 1466 1423; baseline 0.002 -23"><span class='ocrx_word' id='word_1_82' title='bbox 183 1333 239 1400; x_wconf 89' lang='lat' dir='ltr'>uel</span> <span class='ocrx_word' id='word_1_83' title='bbox 262 1337 309 1416; x_wconf 89' lang='lat' dir='ltr'>tu,</span> <span class='ocrx_word' id='word_1_84' title='bbox 335 1334 364 1399; x_wconf 90' lang='lat' dir='ltr'>si</span> <span class='ocrx_word' id='word_1_85' title='bbox 386 1332 472 1400; x_wconf 86' lang='lat' dir='ltr'>fides</span> <span class='ocrx_word' id='word_1_86' title='bbox 496 1334 558 1400; x_wconf 92' lang='lat' dir='ltr'>tibi</span> <span class='ocrx_word' id='word_1_87' title='bbox 580 1334 760 1401; x_wconf 82' lang='lat' dir='ltr'>habebitur</span> <span class='ocrx_word' id='word_1_88' title='bbox 793 1356 855 1401; x_wconf 91' lang='lat' dir='ltr'>neo</span> <span class='ocrx_word' id='word_1_89' title='bbox 887 1336 1068 1423; x_wconf 83' lang='lat' dir='ltr'>quidquem</span> <span class='ocrx_word' id='word_1_90' title='bbox 1100 1357 1325 1423; x_wconf 91' lang='lat' dir='ltr'>eorumquae</span> <span class='ocrx_word' id='word_1_91' title='bbox 1350 1341 1466 1403; x_wconf 92' lang='lat' dir='ltr'>contra</span> 
     </span>
     <span class='ocr_line' id='line_1_11' title="bbox 183 1430 1464 1519; baseline 0.002 -21"><span class='ocrx_word' id='word_1_92' title='bbox 183 1453 260 1498; x_wconf 90' lang='lat' dir='ltr'>eum</span> <span class='ocrx_word' id='word_1_93' title='bbox 275 1432 357 1498; x_wconf 86' lang='lat' dir='ltr'>iacis</span> <span class='ocrx_word' id='word_1_94' title='bbox 372 1430 483 1498; x_wconf 85' lang='lat' dir='ltr'>facere</span> <span class='ocrx_word' id='word_1_95' title='bbox 506 1432 600 1498; x_wconf 86' lang='lat' dir='ltr'>uisus</span> <span class='ocrx_word' id='word_1_96' title='bbox 618 1433 691 1516; x_wconf 90' lang='lat' dir='ltr'>eris,</span> <span class='ocrx_word' id='word_1_97' title='bbox 708 1432 814 1499; x_wconf 91' lang='lat' dir='ltr'>habes</span> <span class='ocrx_word' id='word_1_98' title='bbox 837 1433 929 1499; x_wconf 92' lang='lat' dir='ltr'>illum</span> <span class='ocrx_word' id='word_1_99' title='bbox 953 1455 1107 1500; x_wconf 87' lang='lat' dir='ltr'>securum</span> <span class='ocrx_word' id='word_1_100' title='bbox 1130 1474 1174 1481; x_wconf 93' lang='lat'>—</span> <span class='ocrx_word' id='word_1_101' title='bbox 1190 1474 1234 1482; x_wconf 88' lang='lat'>·-</span> <span class='ocrx_word' id='word_1_102' title='bbox 1248 1473 1293 1482; x_wconf 96' lang='lat'>—</span> <span class='ocrx_word' id='word_1_103' title='bbox 1317 1435 1345 1500; x_wconf 91' lang='lat' dir='ltr'>si</span> <span class='ocrx_word' id='word_1_104' title='bbox 1360 1435 1464 1519; x_wconf 79' lang='lat' dir='ltr'>nolae,</span> 
     </span>
     <span class='ocr_line' id='line_1_12' title="bbox 184 1529 1466 1618; baseline 0.003 -23"><span class='ocrx_word' id='word_1_105' title='bbox 184 1531 296 1595; x_wconf 92' lang='lat' dir='ltr'>omnia</span> <span class='ocrx_word' id='word_1_106' title='bbox 319 1529 380 1596; x_wconf 90' lang='lat' dir='ltr'>abs</span> <span class='ocrx_word' id='word_1_107' title='bbox 407 1534 441 1596; x_wconf 88' lang='lat' dir='ltr'>te</span> <span class='ocrx_word' id='word_1_108' title='bbox 462 1533 671 1613; x_wconf 78' lang='lat' dir='ltr'>gerentur&#39;1)</span> <span class='ocrx_word' id='word_1_109' title='bbox 723 1533 772 1597; x_wconf 86' lang='lat' dir='ltr'>Ao</span> <span class='ocrx_word' id='word_1_110' title='bbox 795 1552 912 1597; x_wconf 89' lang='lat' dir='ltr'>uocem</span> <span class='ocrx_word' id='word_1_111' title='bbox 936 1535 1117 1617; x_wconf 80' lang='grc' dir='ltr'><em>ἀφύλακτος</em></span> <span class='ocrx_word' id='word_1_112' title='bbox 1140 1531 1228 1598; x_wconf 89' lang='lat' dir='ltr'>idem</span> <span class='ocrx_word' id='word_1_113' title='bbox 1260 1553 1333 1598; x_wconf 89' lang='lat' dir='ltr'>esse</span> <span class='ocrx_word' id='word_1_114' title='bbox 1366 1554 1466 1618; x_wconf 88' lang='lat' dir='ltr'>posse</span> 
     </span>
     <span class='ocr_line' id='line_1_13' title="bbox 184 1629 1466 1716; baseline 0.002 -23"><span class='ocrx_word' id='word_1_115' title='bbox 184 1649 224 1693; x_wconf 92' lang='lat' dir='ltr'>ac</span> <span class='ocrx_word' id='word_1_116' title='bbox 254 1631 420 1693; x_wconf 83' lang='lat' dir='ltr'>‘securus’</span> <span class='ocrx_word' id='word_1_117' title='bbox 454 1647 633 1710; x_wconf 82' lang='lat' dir='ltr'>cognosces</span> <span class='ocrx_word' id='word_1_118' title='bbox 665 1649 707 1694; x_wconf 89' lang='lat' dir='ltr'>ex</span> <span class='ocrx_word' id='word_1_119' title='bbox 737 1631 874 1695; x_wconf 84' lang='lat' dir='ltr'>Aristot.</span> <span class='ocrx_word' id='word_1_120' title='bbox 902 1630 985 1696; x_wconf 91' lang='lat' dir='ltr'>rhet.</span> <span class='ocrx_word' id='word_1_121' title='bbox 1005 1631 1075 1696; x_wconf 81' lang='lat'>112</span> <span class='ocrx_word' id='word_1_122' title='bbox 1098 1653 1128 1716; x_wconf 94' lang='lat' dir='ltr'>p.</span> <span class='ocrx_word' id='word_1_123' title='bbox 1151 1629 1268 1696; x_wconf 76' lang='lat' dir='ltr'>1372a</span> <span class='ocrx_word' id='word_1_124' title='bbox 1290 1631 1331 1695; x_wconf 86' lang='grc'>18</span> <span class='ocrx_word' id='word_1_125' title='bbox 1355 1635 1386 1696; x_wconf 86' lang='grc' dir='ltr'>οῖ</span> <span class='ocrx_word' id='word_1_126' title='bbox 1407 1633 1466 1715; x_wconf 81' lang='grc' dir='ltr'><strong><em>μὲν</em></strong></span> 
     </span>
     <span class='ocr_line' id='line_1_14' title="bbox 183 1727 1467 1814; baseline 0.003 -24"><span class='ocrx_word' id='word_1_127' title='bbox 183 1727 244 1810; x_wconf 84' lang='grc' dir='ltr'>γὰρ</span> <span class='ocrx_word' id='word_1_128' title='bbox 279 1727 364 1810; x_wconf 90' lang='grc' dir='ltr'><strong><em>φίλοι</em></strong></span> <span class='ocrx_word' id='word_1_129' title='bbox 398 1729 573 1810; x_wconf 80' lang='grc' dir='ltr'><em>ἀφύλακτοι</em></span> <span class='ocrx_word' id='word_1_130' title='bbox 603 1728 686 1812; x_wconf 82' lang='grc' dir='ltr'><strong><em>πρὸς</em></strong></span> <span class='ocrx_word' id='word_1_131' title='bbox 715 1729 751 1792; x_wconf 89' lang='grc' dir='ltr'><strong><em>τὸ</em></strong></span> <span class='ocrx_word' id='word_1_132' title='bbox 783 1730 960 1794; x_wconf 73' lang='grc' dir='ltr'><strong><em>ἀδικεῖσθαι</em></strong></span> <span class='ocrx_word' id='word_1_133' title='bbox 983 1729 1068 1796; x_wconf 78' lang='lat' dir='ltr'>Plat.</span> <span class='ocrx_word' id='word_1_134' title='bbox 1083 1727 1179 1794; x_wconf 84' lang='lat' dir='ltr'>Polit.</span> <span class='ocrx_word' id='word_1_135' title='bbox 1203 1750 1233 1814; x_wconf 91' lang='lat' dir='ltr'>p.</span> <span class='ocrx_word' id='word_1_136' title='bbox 1250 1727 1351 1796; x_wconf 78' lang='lat' dir='ltr'>274ss</span> <span class='ocrx_word' id='word_1_137' title='bbox 1376 1731 1467 1794; x_wconf 81' lang='grc' dir='ltr'><strong><em>αὐτοὶ</em></strong></span> 
     </span>
     <span class='ocr_line' id='line_1_15' title="bbox 183 1825 1483 1911; baseline 0.003 -23"><span class='ocrx_word' id='word_1_138' title='bbox 183 1826 219 1889; x_wconf 83' lang='grc' dir='ltr'>δὲ</span> <span class='ocrx_word' id='word_1_139' title='bbox 242 1826 385 1895; x_wconf 74' lang='grc' dir='ltr'><em>ἀσθενεῖς</em></span> <span class='ocrx_word' id='word_1_140' title='bbox 408 1827 578 1909; x_wconf 75' lang='grc' dir='ltr'><strong><em>ἅνθρωποι</em></strong></span> <span class='ocrx_word' id='word_1_141' title='bbox 601 1828 655 1890; x_wconf 83' lang='grc' dir='ltr'><strong><em>καὶ</em></strong></span> <span class='ocrx_word' id='word_1_142' title='bbox 678 1828 854 1909; x_wconf 80' lang='grc' dir='ltr'><strong><em>ἀφύλακτοι</em></strong></span> <span class='ocrx_word' id='word_1_143' title='bbox 878 1829 1040 1909; x_wconf 80' lang='grc' dir='ltr'><strong><em>γεγονότες</em></strong></span> <span class='ocrx_word' id='word_1_144' title='bbox 1064 1829 1284 1911; x_wconf 82' lang='grc' dir='ltr'><strong><em>διηρπάζοντο.</em></strong></span> <span class='ocrx_word' id='word_1_145' title='bbox 1323 1825 1393 1892; x_wconf 83' lang='grc' dir='ltr'>Νοο</span> <span class='ocrx_word' id='word_1_146' title='bbox 1425 1826 1483 1892; x_wconf 87' lang='lat' dir='ltr'>de&#39;</span> 
     </span>
     <span class='ocr_line' id='line_1_16' title="bbox 183 1921 1465 2009; baseline 0.003 -23"><span class='ocrx_word' id='word_1_147' title='bbox 183 1921 248 2007; x_wconf 77' lang='lat' dir='ltr'>quo</span> <span class='ocrx_word' id='word_1_148' title='bbox 272 1944 303 1988; x_wconf 82' lang='lat' dir='ltr'>u,</span> <span class='ocrx_word' id='word_1_149' title='bbox 327 1921 371 1986; x_wconf 83' lang='grc'>86</span> <span class='ocrx_word' id='word_1_150' title='bbox 395 1926 473 2006; x_wconf 84' lang='grc' dir='ltr'><strong><em>ἔχεις</em></strong></span> <span class='ocrx_word' id='word_1_151' title='bbox 497 1924 553 1987; x_wconf 86' lang='grc' dir='ltr'>τὸν</span> <span class='ocrx_word' id='word_1_152' title='bbox 577 1925 667 2007; x_wconf 75' lang='grc' dir='ltr'><strong><em>ἄνδρ’</em></strong></span> <span class='ocrx_word' id='word_1_153' title='bbox 692 1926 874 2006; x_wconf 83' lang='grc' dir='ltr'><strong><em>ἀφύλακτον</em></strong></span> <span class='ocrx_word' id='word_1_154' title='bbox 909 1923 1045 2006; x_wconf 80' lang='lat' dir='ltr'>dicatur,</span> <span class='ocrx_word' id='word_1_155' title='bbox 1068 1927 1182 2009; x_wconf 77' lang='lat' dir='ltr'>potest</span> <span class='ocrx_word' id='word_1_156' title='bbox 1213 1945 1286 1989; x_wconf 82' lang='lat' dir='ltr'>csse</span> <span class='ocrx_word' id='word_1_157' title='bbox 1319 1922 1465 1990; x_wconf 88' lang='lat' dir='ltr'>dubium.</span> 
     </span>
     <span class='ocr_line' id='line_1_17' title="bbox 183 2017 1466 2108; baseline 0.002 -24"><span class='ocrx_word' id='word_1_158' title='bbox 183 2017 264 2084; x_wconf 82' lang='lat' dir='ltr'>(lum</span> <span class='ocrx_word' id='word_1_159' title='bbox 289 2019 378 2084; x_wconf 88' lang='lat' dir='ltr'>enim</span> <span class='ocrx_word' id='word_1_160' title='bbox 400 2018 474 2086; x_wconf 91' lang='lat' dir='ltr'>leno</span> <span class='ocrx_word' id='word_1_161' title='bbox 499 2021 595 2086; x_wconf 89' lang='lat' dir='ltr'>alteri</span> <span class='ocrx_word' id='word_1_162' title='bbox 619 2021 762 2087; x_wconf 88' lang='lat' dir='ltr'>amatori</span> <span class='ocrx_word' id='word_1_163' title='bbox 785 2022 991 2088; x_wconf 81' lang='lat' dir='ltr'>meretricem</span> <span class='ocrx_word' id='word_1_164' title='bbox 1008 2020 1153 2087; x_wconf 91' lang='lat' dir='ltr'>uendere</span> <span class='ocrx_word' id='word_1_165' title='bbox 1176 2021 1342 2104; x_wconf 86' lang='lat' dir='ltr'>iubeatur,</span> <span class='ocrx_word' id='word_1_166' title='bbox 1366 2043 1466 2108; x_wconf 93' lang='lat' dir='ltr'>quem</span> 
     </span>
     <span class='ocr_line' id='line_1_18' title="bbox 182 2116 1465 2205; baseline 0.004 -24"><span class='ocrx_word' id='word_1_167' title='bbox 182 2117 298 2182; x_wconf 82' lang='lat' dir='ltr'>fallere</span> <span class='ocrx_word' id='word_1_168' title='bbox 322 2121 425 2204; x_wconf 90' lang='lat' dir='ltr'>atque</span> <span class='ocrx_word' id='word_1_169' title='bbox 449 2116 528 2205; x_wconf 94' lang='lat' dir='ltr'>quid</span> <span class='ocrx_word' id='word_1_170' title='bbox 552 2122 633 2202; x_wconf 87' lang='lat' dir='ltr'>agat</span> <span class='ocrx_word' id='word_1_171' title='bbox 649 2118 755 2184; x_wconf 89' lang='lat' dir='ltr'>celare</span> <span class='ocrx_word' id='word_1_172' title='bbox 770 2119 914 2202; x_wconf 84' lang='lat' dir='ltr'>iubetur,</span> <span class='ocrx_word' id='word_1_173' title='bbox 938 2120 968 2185; x_wconf 89' lang='lat' dir='ltr'>is</span> <span class='ocrx_word' id='word_1_174' title='bbox 983 2141 1052 2186; x_wconf 91' lang='lat' dir='ltr'>non</span> <span class='ocrx_word' id='word_1_175' title='bbox 1072 2122 1125 2185; x_wconf 89' lang='lat' dir='ltr'>est</span> <span class='ocrx_word' id='word_1_176' title='bbox 1145 2119 1209 2185; x_wconf 88' lang='lat' dir='ltr'>nisi</span> <span class='ocrx_word' id='word_1_177' title='bbox 1226 2119 1311 2186; x_wconf 90' lang='lat' dir='ltr'>alter</span> <span class='ocrx_word' id='word_1_178' title='bbox 1327 2123 1465 2186; x_wconf 88' lang='lat' dir='ltr'>amator.</span> 
     </span>
     <span class='ocr_line' id='line_1_19' title="bbox 181 2213 1466 2303; baseline 0.003 -23"><span class='ocrx_word' id='word_1_179' title='bbox 181 2213 309 2281; x_wconf 89' lang='lat' dir='ltr'>Deinde</span> <span class='ocrx_word' id='word_1_180' title='bbox 325 2219 402 2301; x_wconf 89' lang='lat' dir='ltr'>post</span> <span class='ocrx_word' id='word_1_181' title='bbox 417 2219 600 2300; x_wconf 80' lang='grc' dir='ltr'><strong><em>ἀφύλακτος</em></strong></span> <span class='ocrx_word' id='word_1_182' title='bbox 615 2217 651 2282; x_wconf 92' lang='lat' dir='ltr'>in</span> <span class='ocrx_word' id='word_1_183' title='bbox 667 2221 759 2284; x_wconf 88' lang='lat' dir='ltr'>carta</span> <span class='ocrx_word' id='word_1_184' title='bbox 774 2216 887 2283; x_wconf 90' lang='lat' dir='ltr'>littera</span> <span class='ocrx_word' id='word_1_185' title='bbox 898 2219 932 2282; x_wconf 87' lang='lat' dir='ltr'><em>E</em></span> <span class='ocrx_word' id='word_1_186' title='bbox 945 2221 1041 2284; x_wconf 86' lang='lat' dir='ltr'>extat</span> <span class='ocrx_word' id='word_1_187' title='bbox 1056 2217 1188 2303; x_wconf 88' lang='lat' dir='ltr'>scripta,</span> <span class='ocrx_word' id='word_1_188' title='bbox 1203 2239 1304 2303; x_wconf 90' lang='lat' dir='ltr'>quam</span> <span class='ocrx_word' id='word_1_189' title='bbox 1318 2216 1466 2284; x_wconf 86' lang='lat' dir='ltr'>litteram</span> 
     </span>
     <span class='ocr_line' id='line_1_20' title="bbox 183 2312 1468 2404; baseline 0.002 -26"><span class='ocrx_word' id='word_1_190' title='bbox 183 2315 323 2400; x_wconf 88' lang='lat' dir='ltr'>primam</span> <span class='ocrx_word' id='word_1_191' title='bbox 355 2312 460 2379; x_wconf 85' lang='lat' dir='ltr'>fuisse</span> <span class='ocrx_word' id='word_1_192' title='bbox 491 2313 584 2380; x_wconf 92' lang='lat' dir='ltr'>uocis</span> <span class='ocrx_word' id='word_1_193' title='bbox 607 2312 795 2404; x_wconf 76' lang='grc' dir='ltr'><strong><em>ε’[πίτροπος]</em></strong></span> <span class='ocrx_word' id='word_1_194' title='bbox 819 2314 885 2381; x_wconf 83' lang='grc' dir='ltr'><strong><em>Ιιοο</em></strong></span> <span class='ocrx_word' id='word_1_195' title='bbox 911 2317 1075 2401; x_wconf 89' lang='lat' dir='ltr'>opinatur.</span> <span class='ocrx_word' id='word_1_196' title='bbox 1120 2318 1166 2380; x_wconf 83' lang='lat' dir='ltr'>At</span> <span class='ocrx_word' id='word_1_197' title='bbox 1198 2316 1261 2381; x_wconf 93' lang='lat' dir='ltr'>hoc</span> <span class='ocrx_word' id='word_1_198' title='bbox 1289 2314 1319 2380; x_wconf 90' lang='lat' dir='ltr'>si</span> <span class='ocrx_word' id='word_1_199' title='bbox 1348 2336 1468 2381; x_wconf 93' lang='lat' dir='ltr'>uerum</span> 
     </span>
     <span class='ocr_line' id='line_1_21' title="bbox 184 2411 1466 2499; baseline 0.002 -23"><span class='ocrx_word' id='word_1_200' title='bbox 184 2415 282 2494; x_wconf 79' lang='lat' dir='ltr'>esset,</span> <span class='ocrx_word' id='word_1_201' title='bbox 313 2411 425 2477; x_wconf 88' lang='lat' dir='ltr'>uerbis</span> <span class='ocrx_word' id='word_1_202' title='bbox 448 2415 616 2497; x_wconf 78' lang='grc' dir='ltr'><strong><em>ἐπίτροπος</em></strong></span> <span class='ocrx_word' id='word_1_203' title='bbox 649 2420 714 2477; x_wconf 86' lang='grc' dir='ltr'>τῶν</span> <span class='ocrx_word' id='word_1_204' title='bbox 748 2417 976 2499; x_wconf 82' lang='grc' dir='ltr'><strong><em>πραττομένων</em></strong></span> <span class='ocrx_word' id='word_1_205' title='bbox 998 2423 1054 2498; x_wconf 83' lang='grc' dir='ltr'><strong><em>τῆς</em></strong></span> <span class='ocrx_word' id='word_1_206' title='bbox 1078 2417 1178 2485; x_wconf 83' lang='grc' dir='ltr'><strong><em>οἰκίας</em></strong></span> <span class='ocrx_word' id='word_1_207' title='bbox 1207 2411 1297 2479; x_wconf 81' lang='lat' dir='ltr'>idem</span> <span class='ocrx_word' id='word_1_208' title='bbox 1326 2413 1395 2479; x_wconf 79' lang='lat' dir='ltr'>iore</span> <span class='ocrx_word' id='word_1_209' title='bbox 1426 2434 1466 2479; x_wconf 83' lang='lat' dir='ltr'>ac</span> 
     </span>
     <span class='ocr_line' id='line_1_22' title="bbox 183 2510 1464 2599; baseline 0.002 -25"><span class='ocrx_word' id='word_1_210' title='bbox 183 2530 284 2574; x_wconf 87' lang='lat' dir='ltr'>uersu</span> <span class='ocrx_word' id='word_1_211' title='bbox 308 2511 364 2596; x_wconf 90' lang='lat' dir='ltr'>qui</span> <span class='ocrx_word' id='word_1_212' title='bbox 395 2511 545 2596; x_wconf 90' lang='lat' dir='ltr'>sequitur</span> <span class='ocrx_word' id='word_1_213' title='bbox 576 2511 822 2595; x_wconf 84' lang='lat' dir='ltr'>exprimeretur,</span> <span class='ocrx_word' id='word_1_214' title='bbox 854 2533 963 2599; x_wconf 86' lang='lat' dir='ltr'>neque</span> <span class='ocrx_word' id='word_1_215' title='bbox 995 2513 1089 2578; x_wconf 92' lang='lat' dir='ltr'>cuius</span> <span class='ocrx_word' id='word_1_216' title='bbox 1117 2510 1235 2577; x_wconf 91' lang='lat' dir='ltr'>domus</span> <span class='ocrx_word' id='word_1_217' title='bbox 1266 2532 1375 2599; x_wconf 90' lang='lat' dir='ltr'>neque</span> <span class='ocrx_word' id='word_1_218' title='bbox 1399 2533 1464 2598; x_wconf 95' lang='lat' dir='ltr'>quo</span> 
     </span>
     <span class='ocr_line' id='line_1_23' title="bbox 183 2606 1465 2695; baseline 0.002 -24"><span class='ocrx_word' id='word_1_219' title='bbox 183 2606 282 2673; x_wconf 94' lang='lat' dir='ltr'>modo</span> <span class='ocrx_word' id='word_1_220' title='bbox 306 2611 475 2693; x_wconf 79' lang='grc' dir='ltr'><strong><em>ἐπίτροπος</em></strong></span> <span class='ocrx_word' id='word_1_221' title='bbox 497 2607 574 2674; x_wconf 90' lang='lat' dir='ltr'>leno</span> <span class='ocrx_word' id='word_1_222' title='bbox 597 2609 691 2674; x_wconf 87' lang='lat' dir='ltr'>fieret</span> <span class='ocrx_word' id='word_1_223' title='bbox 715 2610 849 2674; x_wconf 92' lang='lat' dir='ltr'>omnino</span> <span class='ocrx_word' id='word_1_224' title='bbox 873 2609 1129 2692; x_wconf 85' lang='lat' dir='ltr'>intellegeretur.</span> <span class='ocrx_word' id='word_1_225' title='bbox 1175 2609 1293 2695; x_wconf 88' lang='lat' dir='ltr'>Itaque</span> <span class='ocrx_word' id='word_1_226' title='bbox 1317 2631 1386 2675; x_wconf 89' lang='lat' dir='ltr'>non</span> <span class='ocrx_word' id='word_1_227' title='bbox 1413 2613 1465 2675; x_wconf 87' lang='lat' dir='ltr'>est</span> 
     </span>
     <span class='ocr_line' id='line_1_24' title="bbox 184 2705 1465 2795; baseline 0.002 -26"><span class='ocrx_word' id='word_1_228' title='bbox 184 2726 241 2770; x_wconf 92' lang='lat' dir='ltr'>cur</span> <span class='ocrx_word' id='word_1_229' title='bbox 263 2705 326 2771; x_wconf 90' lang='lat' dir='ltr'>hoc</span> <span class='ocrx_word' id='word_1_230' title='bbox 353 2706 623 2793; x_wconf 84' lang='lat' dir='ltr'>supplementum</span> <span class='ocrx_word' id='word_1_231' title='bbox 645 2707 881 2773; x_wconf 90' lang='lat' dir='ltr'>Britannorum</span> <span class='ocrx_word' id='word_1_232' title='bbox 913 2707 1144 2794; x_wconf 88' lang='lat' dir='ltr'>supplemento</span> <span class='ocrx_word' id='word_1_233' title='bbox 1175 2705 1338 2795; x_wconf 83' lang='grc' dir='ltr'><strong><em>ἕ[κτοπος]</em></strong></span> <span class='ocrx_word' id='word_1_234' title='bbox 1369 2727 1465 2792; x_wconf 88' lang='lat' dir='ltr'>prae-</span> 
     </span>
    </p>
   </div>
   <div class='ocr_carea' id='block_1_3' title="bbox 163 2801 1467 3280">
    <p class='ocr_par' dir='ltr' id='par_1_3' title="bbox 163 2801 1467 3280">
     <span class='ocr_line' id='line_1_25' title="bbox 182 2801 1467 2893; baseline 0.003 -26"><span class='ocrx_word' id='word_1_235' title='bbox 182 2801 341 2888; x_wconf 82' lang='lat' dir='ltr'>feramus,</span> <span class='ocrx_word' id='word_1_236' title='bbox 377 2805 466 2891; x_wconf 92' lang='lat' dir='ltr'>quod</span> <span class='ocrx_word' id='word_1_237' title='bbox 501 2826 638 2870; x_wconf 88' lang='lat' dir='ltr'>sensum</span> <span class='ocrx_word' id='word_1_238' title='bbox 673 2805 756 2871; x_wconf 90' lang='lat' dir='ltr'>satis</span> <span class='ocrx_word' id='word_1_239' title='bbox 792 2809 909 2891; x_wconf 86' lang='lat' dir='ltr'>aptum</span> <span class='ocrx_word' id='word_1_240' title='bbox 943 2805 1116 2893; x_wconf 87' lang='lat' dir='ltr'>praebeat:</span> <span class='ocrx_word' id='word_1_241' title='bbox 1151 2806 1227 2871; x_wconf 92' lang='lat' dir='ltr'>leno</span> <span class='ocrx_word' id='word_1_242' title='bbox 1263 2805 1292 2869; x_wconf 91' lang='lat' dir='ltr'>si</span> <span class='ocrx_word' id='word_1_243' title='bbox 1323 2805 1467 2871; x_wconf 87' lang='lat' dir='ltr'>alterum</span> 
     </span>
     <span class='ocr_line' id='line_1_26' title="bbox 185 2900 1465 2989; baseline 0.003 -24"><span class='ocrx_word' id='word_1_244' title='bbox 185 2904 369 2967; x_wconf 87' lang='lat' dir='ltr'>amatorem</span> <span class='ocrx_word' id='word_1_245' title='bbox 391 2900 548 2967; x_wconf 79' lang='lat' dir='ltr'>fefellerit</span> <span class='ocrx_word' id='word_1_246' title='bbox 579 2905 614 2968; x_wconf 88' lang='lat' dir='ltr'>et</span> <span class='ocrx_word' id='word_1_247' title='bbox 644 2904 723 2989; x_wconf 93' lang='lat' dir='ltr'>quid</span> <span class='ocrx_word' id='word_1_248' title='bbox 752 2901 857 2968; x_wconf 89' lang='lat' dir='ltr'>faciat</span> <span class='ocrx_word' id='word_1_249' title='bbox 881 2901 1048 2987; x_wconf 83' lang='lat' dir='ltr'>celauorit‚</span> <span class='ocrx_word' id='word_1_250' title='bbox 1082 2903 1218 2984; x_wconf 81' lang='lat' dir='ltr'>efficiet,</span> <span class='ocrx_word' id='word_1_251' title='bbox 1250 2906 1291 2968; x_wconf 81' lang='lat' dir='ltr'>ut</span> <span class='ocrx_word' id='word_1_252' title='bbox 1319 2901 1433 2989; x_wconf 90' lang='lat' dir='ltr'>procul</span> <span class='ocrx_word' id='word_1_253' title='bbox 1443 2905 1465 2985; x_wconf 73' lang='lat'>²)</span> 
     </span>
     <span class='ocr_line' id='line_1_27' title="bbox 163 2997 1463 3086; baseline 0.003 -24"><span class='ocrx_word' id='word_1_254' title='bbox 163 2997 237 3063; x_wconf 51' lang='lat' dir='ltr'>‘ille</span> <span class='ocrx_word' id='word_1_255' title='bbox 269 3000 313 3064; x_wconf 90' lang='lat' dir='ltr'>sit</span> <span class='ocrx_word' id='word_1_256' title='bbox 343 3021 364 3064; x_wconf 90' lang='lat' dir='ltr'>a</span> <span class='ocrx_word' id='word_1_257' title='bbox 394 2999 495 3064; x_wconf 89' lang='lat' dir='ltr'>rebus</span> <span class='ocrx_word' id='word_1_258' title='bbox 525 3021 612 3086; x_wconf 90' lang='lat' dir='ltr'>quae</span> <span class='ocrx_word' id='word_1_259' title='bbox 643 3004 802 3083; x_wconf 86' lang='lat' dir='ltr'>gerantur</span> <span class='ocrx_word' id='word_1_260' title='bbox 833 3004 868 3066; x_wconf 92' lang='lat' dir='ltr'>et</span> <span class='ocrx_word' id='word_1_261' title='bbox 899 3001 942 3066; x_wconf 90' lang='lat' dir='ltr'>ab</span> <span class='ocrx_word' id='word_1_262' title='bbox 972 3000 1073 3067; x_wconf 91' lang='lat' dir='ltr'>huius</span> <span class='ocrx_word' id='word_1_263' title='bbox 1102 3002 1122 3066; x_wconf 89' lang='lat' dir='ltr'>i.</span> <span class='ocrx_word' id='word_1_264' title='bbox 1152 3022 1178 3067; x_wconf 93' lang='lat' dir='ltr'>e.</span> <span class='ocrx_word' id='word_1_265' title='bbox 1205 3000 1335 3067; x_wconf 91' lang='lat' dir='ltr'>lenonis</span> <span class='ocrx_word' id='word_1_266' title='bbox 1367 3000 1463 3067; x_wconf 93' lang='lat' dir='ltr'>domo</span> 
     </span>
     <span class='ocr_line' id='line_1_28' title="bbox 185 3094 1464 3184; baseline 0.003 -25"><span class='ocrx_word' id='word_1_267' title='bbox 185 3099 247 3180; x_wconf 82' lang='grc' dir='ltr'><strong><em>(τῆς</em></strong></span> <span class='ocrx_word' id='word_1_268' title='bbox 265 3100 383 3180; x_wconf 78' lang='grc' dir='ltr'><strong><em>οἰκίας).</em></strong></span> <span class='ocrx_word' id='word_1_269' title='bbox 413 3094 479 3162; x_wconf 87' lang='lat' dir='ltr'>Sed</span> <span class='ocrx_word' id='word_1_270' title='bbox 502 3097 640 3182; x_wconf 89' lang='lat' dir='ltr'>quinam</span> <span class='ocrx_word' id='word_1_271' title='bbox 663 3099 731 3163; x_wconf 92' lang='lat' dir='ltr'>sint</span> <span class='ocrx_word' id='word_1_272' title='bbox 753 3098 789 3164; x_wconf 94' lang='lat' dir='ltr'>hi</span> <span class='ocrx_word' id='word_1_273' title='bbox 812 3102 980 3165; x_wconf 87' lang='lat' dir='ltr'>amatores</span> <span class='ocrx_word' id='word_1_274' title='bbox 1005 3099 1183 3184; x_wconf 87' lang='lat' dir='ltr'>quaeritur.</span> <span class='ocrx_word' id='word_1_275' title='bbox 1217 3098 1330 3184; x_wconf 88' lang='lat' dir='ltr'>Atque</span> <span class='ocrx_word' id='word_1_276' title='bbox 1346 3119 1464 3164; x_wconf 91' lang='lat' dir='ltr'>aemu-</span> 
     </span>
     <span class='ocr_line' id='line_1_29' title="bbox 184 3192 1464 3280; baseline 0.003 -22"><span class='ocrx_word' id='word_1_277' title='bbox 184 3192 298 3259; x_wconf 87' lang='lat' dir='ltr'>lantur</span> <span class='ocrx_word' id='word_1_278' title='bbox 320 3196 454 3280; x_wconf 87' lang='lat' dir='ltr'>saepius</span> <span class='ocrx_word' id='word_1_279' title='bbox 477 3195 564 3260; x_wconf 91' lang='lat' dir='ltr'>inter</span> <span class='ocrx_word' id='word_1_280' title='bbox 587 3216 624 3260; x_wconf 88' lang='lat' dir='ltr'>se</span> <span class='ocrx_word' id='word_1_281' title='bbox 648 3196 845 3262; x_wconf 89' lang='lat' dir='ltr'>adulescens</span> <span class='ocrx_word' id='word_1_282' title='bbox 869 3200 904 3262; x_wconf 92' lang='lat' dir='ltr'>et</span> <span class='ocrx_word' id='word_1_283' title='bbox 926 3195 1021 3261; x_wconf 91' lang='lat' dir='ltr'>miles</span> <span class='ocrx_word' id='word_1_284' title='bbox 1050 3195 1157 3262; x_wconf 89' lang='lat' dir='ltr'>ueluti</span> <span class='ocrx_word' id='word_1_285' title='bbox 1187 3196 1223 3261; x_wconf 93' lang='lat' dir='ltr'>in</span> <span class='ocrx_word' id='word_1_286' title='bbox 1245 3195 1358 3261; x_wconf 86' lang='lat' dir='ltr'>Plauti</span> <span class='ocrx_word' id='word_1_287' title='bbox 1382 3196 1464 3262; x_wconf 85' lang='lat' dir='ltr'>Gur-</span> 
     </span>
    </p>
   </div>
   <div class='ocr_carea' id='block_1_4' title="bbox 183 3291 1466 3870">
    <p class='ocr_par' dir='ltr' id='par_1_4' title="bbox 183 3291 1466 3870">
     <span class='ocr_line' id='line_1_30' title="bbox 185 3291 1466 3381; baseline 0.002 -25"><span class='ocrx_word' id='word_1_288' title='bbox 185 3291 314 3358; x_wconf 90' lang='lat' dir='ltr'>culione</span> <span class='ocrx_word' id='word_1_289' title='bbox 346 3292 385 3358; x_wconf 84' lang='lat' dir='ltr'>cf.</span> <span class='ocrx_word' id='word_1_290' title='bbox 409 3316 440 3359; x_wconf 95' lang='lat' dir='ltr'>u.</span> <span class='ocrx_word' id='word_1_291' title='bbox 462 3293 525 3359; x_wconf 84' lang='lat'>337</span> <span class='ocrx_word' id='word_1_292' title='bbox 548 3314 617 3379; x_wconf 88' lang='lat' dir='ltr'>sqq.</span> <span class='ocrx_word' id='word_1_293' title='bbox 650 3296 684 3359; x_wconf 92' lang='lat' dir='ltr'>et</span> <span class='ocrx_word' id='word_1_294' title='bbox 714 3295 749 3359; x_wconf 93' lang='lat' dir='ltr'>in</span> <span class='ocrx_word' id='word_1_295' title='bbox 772 3293 936 3360; x_wconf 89' lang='lat' dir='ltr'>Pseudolo</span> <span class='ocrx_word' id='word_1_296' title='bbox 961 3293 1001 3359; x_wconf 87' lang='lat' dir='ltr'>cf.</span> <span class='ocrx_word' id='word_1_297' title='bbox 1025 3316 1056 3359; x_wconf 93' lang='lat' dir='ltr'>u.</span> <span class='ocrx_word' id='word_1_298' title='bbox 1073 3294 1113 3360; x_wconf 79' lang='lat'>51</span> <span class='ocrx_word' id='word_1_299' title='bbox 1138 3316 1206 3381; x_wconf 92' lang='lat' dir='ltr'>sqq.</span> <span class='ocrx_word' id='word_1_300' title='bbox 1238 3315 1301 3360; x_wconf 92' lang='lat' dir='ltr'>nec</span> <span class='ocrx_word' id='word_1_301' title='bbox 1331 3315 1400 3359; x_wconf 93' lang='lat' dir='ltr'>non</span> <span class='ocrx_word' id='word_1_302' title='bbox 1430 3295 1466 3358; x_wconf 92' lang='lat' dir='ltr'>in</span> 
     </span>
     <span class='ocr_line' id='line_1_31' title="bbox 185 3387 1465 3477; baseline 0.004 -24"><span class='ocrx_word' id='word_1_303' title='bbox 185 3387 320 3456; x_wconf 84' lang='lat' dir='ltr'>Terenti</span> <span class='ocrx_word' id='word_1_304' title='bbox 335 3389 496 3457; x_wconf 83' lang='lat' dir='ltr'>Eunucho</span> <span class='ocrx_word' id='word_1_305' title='bbox 514 3391 570 3477; x_wconf 93' lang='lat' dir='ltr'>qui</span> <span class='ocrx_word' id='word_1_306' title='bbox 593 3391 664 3477; x_wconf 91' lang='lat' dir='ltr'>ipse</span> <span class='ocrx_word' id='word_1_307' title='bbox 681 3390 819 3457; x_wconf 90' lang='lat' dir='ltr'>militem</span> <span class='ocrx_word' id='word_1_308' title='bbox 836 3413 878 3458; x_wconf 90' lang='lat' dir='ltr'>ex</span> <span class='ocrx_word' id='word_1_309' title='bbox 893 3392 1067 3458; x_wconf 88' lang='lat' dir='ltr'>Menandri</span> <span class='ocrx_word' id='word_1_310' title='bbox 1083 3391 1200 3459; x_wconf 79' lang='lat' dir='ltr'>Colace</span> <span class='ocrx_word' id='word_1_311' title='bbox 1216 3394 1251 3458; x_wconf 92' lang='lat' dir='ltr'>in</span> <span class='ocrx_word' id='word_1_312' title='bbox 1266 3391 1465 3458; x_wconf 79' lang='lat' dir='ltr'>Eunuchum</span> 
     </span>
     <span class='ocr_line' id='line_1_32' title="bbox 184 3489 1465 3576; baseline 0.002 -24"><span class='ocrx_word' id='word_1_313' title='bbox 184 3508 282 3553; x_wconf 87' lang='lat' dir='ltr'>suam</span> <span class='ocrx_word' id='word_1_314' title='bbox 317 3509 390 3554; x_wconf 91' lang='lat' dir='ltr'>sese</span> <span class='ocrx_word' id='word_1_315' title='bbox 425 3489 639 3555; x_wconf 88' lang='lat' dir='ltr'>transtulisse</span> <span class='ocrx_word' id='word_1_316' title='bbox 674 3511 705 3554; x_wconf 91' lang='lat' dir='ltr'>u.</span> <span class='ocrx_word' id='word_1_317' title='bbox 730 3490 773 3554; x_wconf 88' lang='lat'>30</span> <span class='ocrx_word' id='word_1_318' title='bbox 796 3512 865 3576; x_wconf 89' lang='lat' dir='ltr'>sqq.</span> <span class='ocrx_word' id='word_1_319' title='bbox 900 3491 999 3556; x_wconf 89' lang='lat' dir='ltr'>testis</span> <span class='ocrx_word' id='word_1_320' title='bbox 1029 3492 1089 3556; x_wconf 91' lang='lat' dir='ltr'>est.</span> <span class='ocrx_word' id='word_1_321' title='bbox 1136 3490 1199 3570; x_wconf 78' lang='lat' dir='ltr'>Qui</span> <span class='ocrx_word' id='word_1_322' title='bbox 1232 3490 1327 3555; x_wconf 91' lang='lat' dir='ltr'>miles</span> <span class='ocrx_word' id='word_1_323' title='bbox 1363 3489 1465 3555; x_wconf 88' lang='lat' dir='ltr'>etiam</span> 
     </span>
     <span class='ocr_line' id='line_1_33' title="bbox 183 3584 1464 3674; baseline 0.002 -25"><span class='ocrx_word' id='word_1_324' title='bbox 183 3584 222 3650; x_wconf 87' lang='lat' dir='ltr'>fr.</span> <span class='ocrx_word' id='word_1_325' title='bbox 238 3585 303 3651; x_wconf 89' lang='grc'>293</span> <span class='ocrx_word' id='word_1_326' title='bbox 319 3585 358 3654; x_wconf 90' lang='grc' dir='ltr'>Κ.</span> <span class='ocrx_word' id='word_1_327' title='bbox 383 3585 463 3652; x_wconf 84' lang='lat' dir='ltr'>GAF</span> <span class='ocrx_word' id='word_1_328' title='bbox 479 3587 523 3652; x_wconf 89' lang='grc' dir='ltr'>ΙΙΙ</span> <span class='ocrx_word' id='word_1_329' title='bbox 544 3609 574 3673; x_wconf 92' lang='lat' dir='ltr'>p.</span> <span class='ocrx_word' id='word_1_330' title='bbox 591 3587 634 3653; x_wconf 87' lang='lat'>83</span> <span class='ocrx_word' id='word_1_331' title='bbox 658 3608 845 3654; x_wconf 86' lang='lat' dir='ltr'>sermonem</span> <span class='ocrx_word' id='word_1_332' title='bbox 867 3587 997 3654; x_wconf 90' lang='lat' dir='ltr'>habens</span> <span class='ocrx_word' id='word_1_333' title='bbox 1019 3609 1093 3654; x_wconf 91' lang='lat' dir='ltr'>cum</span> <span class='ocrx_word' id='word_1_334' title='bbox 1117 3589 1264 3674; x_wconf 87' lang='lat' dir='ltr'>parasito</span> <span class='ocrx_word' id='word_1_335' title='bbox 1288 3587 1464 3653; x_wconf 87' lang='lat' dir='ltr'>inducitur.</span> 
     </span>
     <span class='ocr_line' id='line_1_34' title="bbox 183 3681 1465 3772; baseline 0.001 -24"><span class='ocrx_word' id='word_1_336' title='bbox 183 3681 323 3764; x_wconf 85' lang='lat' dir='ltr'>Militem</span> <span class='ocrx_word' id='word_1_337' title='bbox 345 3685 446 3767; x_wconf 88' lang='lat' dir='ltr'>igitur</span> <span class='ocrx_word' id='word_1_338' title='bbox 470 3687 504 3749; x_wconf 90' lang='lat' dir='ltr'>et</span> <span class='ocrx_word' id='word_1_339' title='bbox 528 3684 776 3751; x_wconf 86' lang='lat' dir='ltr'>adulescentem</span> <span class='ocrx_word' id='word_1_340' title='bbox 797 3687 854 3772; x_wconf 93' lang='lat' dir='ltr'>qui</span> <span class='ocrx_word' id='word_1_341' title='bbox 877 3685 981 3751; x_wconf 84' lang='lat' dir='ltr'>colss</span> <span class='ocrx_word' id='word_1_342' title='bbox 1012 3706 1087 3751; x_wconf 92' lang='lat' dir='ltr'>cum</span> <span class='ocrx_word' id='word_1_343' title='bbox 1119 3706 1215 3752; x_wconf 87' lang='lat' dir='ltr'>seruo</span> <span class='ocrx_word' id='word_1_344' title='bbox 1245 3686 1465 3772; x_wconf 86' lang='lat' dir='ltr'>conloquatur</span> 
     </span>
     <span class='ocr_line' id='line_1_35' title="bbox 183 3781 1465 3870; baseline 0.002 -24"><span class='ocrx_word' id='word_1_345' title='bbox 183 3781 272 3847; x_wconf 90' lang='lat' dir='ltr'>inter</span> <span class='ocrx_word' id='word_1_346' title='bbox 294 3802 330 3847; x_wconf 87' lang='lat' dir='ltr'>se</span> <span class='ocrx_word' id='word_1_347' title='bbox 355 3803 428 3848; x_wconf 91' lang='lat' dir='ltr'>esse</span> <span class='ocrx_word' id='word_1_348' title='bbox 451 3783 574 3849; x_wconf 88' lang='lat' dir='ltr'>riuales</span> <span class='ocrx_word' id='word_1_349' title='bbox 598 3784 669 3848; x_wconf 91' lang='lat' dir='ltr'>ueri</span> <span class='ocrx_word' id='word_1_350' title='bbox 692 3786 745 3849; x_wconf 88' lang='lat' dir='ltr'>est</span> <span class='ocrx_word' id='word_1_351' title='bbox 768 3783 971 3849; x_wconf 89' lang='lat' dir='ltr'>simillimum</span> <span class='ocrx_word' id='word_1_352' title='bbox 988 3787 1089 3870; x_wconf 90' lang='lat' dir='ltr'>atque</span> <span class='ocrx_word' id='word_1_353' title='bbox 1107 3787 1303 3866; x_wconf 90' lang='lat' dir='ltr'>argumento</span> <span class='ocrx_word' id='word_1_354' title='bbox 1319 3782 1465 3869; x_wconf 86' lang='lat' dir='ltr'>quodam</span> 
     </span>
    </p>
   </div>
   <div class='ocr_carea' id='block_1_5' title="bbox 182 3942 397 3953">
    <p class='ocr_par' dir='ltr' id='par_1_5' title="bbox 182 3942 397 3953">
     <span class='ocr_line' id='line_1_36' title="bbox 182 3942 397 3953; baseline 0.009 -2"><span class='ocrx_word' id='word_1_355' title='bbox 182 3942 397 3953; x_wconf 72' lang='lat'>—-—</span> 
     </span>
    </p>
   </div>
   <div class='ocr_carea' id='block_1_6' title="bbox 182 4027 1465 4742">
    <p class='ocr_par' dir='ltr' id='par_1_6' title="bbox 182 4027 1465 4337">
     <span class='ocr_line' id='line_1_37' title="bbox 292 4027 1465 4102; baseline -0.002 -18"><span class='ocrx_word' id='word_1_356' title='bbox 292 4029 310 4097; x_wconf 81' lang='lat'>¹)</span> <span class='ocrx_word' id='word_1_357' title='bbox 330 4030 364 4084; x_wconf 92' lang='lat' dir='ltr'>de</span> <span class='ocrx_word' id='word_1_358' title='bbox 383 4047 452 4084; x_wconf 86' lang='lat' dir='ltr'>uoce</span> <span class='ocrx_word' id='word_1_359' title='bbox 472 4027 670 4097; x_wconf 75' lang='grc' dir='ltr'><strong><em>διοικηθήσεται</em></strong></span> <span class='ocrx_word' id='word_1_360' title='bbox 689 4031 724 4086; x_wconf 89' lang='lat' dir='ltr'>cf.</span> <span class='ocrx_word' id='word_1_361' title='bbox 744 4032 1012 4087; x_wconf 88' lang='lat' dir='ltr'>Demosth.V11113</span> <span class='ocrx_word' id='word_1_362' title='bbox 1030 4049 1056 4102; x_wconf 91' lang='lat' dir='ltr'>p.</span> <span class='ocrx_word' id='word_1_363' title='bbox 1070 4031 1139 4095; x_wconf 72' lang='lat' dir='ltr'>aad</span> <span class='ocrx_word' id='word_1_364' title='bbox 1157 4028 1241 4083; x_wconf 73' lang='grc' dir='ltr'><strong><em>τᾶλλα</em></strong></span> <span class='ocrx_word' id='word_1_365' title='bbox 1252 4033 1302 4098; x_wconf 74' lang='grc' dir='ltr'><strong><em>μέν</em></strong></span> <span class='ocrx_word' id='word_1_366' title='bbox 1324 4029 1380 4084; x_wconf 82' lang='grc' dir='ltr'><strong><em>ἐστι</em></strong></span> <span class='ocrx_word' id='word_1_367' title='bbox 1392 4028 1465 4100; x_wconf 81' lang='grc' dir='ltr'><strong><em>λόγοι</em></strong></span> 
     </span>
     <span class='ocr_line' id='line_1_38' title="bbox 182 4108 1464 4180; baseline 0.002 -20"><span class='ocrx_word' id='word_1_368' title='bbox 182 4113 228 4161; x_wconf 85' lang='grc' dir='ltr'><strong><em>καὶ</em></strong></span> <span class='ocrx_word' id='word_1_369' title='bbox 240 4109 392 4180; x_wconf 76' lang='grc' dir='ltr'><strong><em>προφάσεις,</em></strong></span> <span class='ocrx_word' id='word_1_370' title='bbox 405 4109 551 4176; x_wconf 81' lang='grc' dir='ltr'><strong><em>πράττεται</em></strong></span> <span class='ocrx_word' id='word_1_371' title='bbox 570 4108 598 4164; x_wconf 84' lang='grc' dir='ltr'>δὲ</span> <span class='ocrx_word' id='word_1_372' title='bbox 616 4117 693 4164; x_wconf 81' lang='grc' dir='ltr'><strong><em>τοῦτο</em></strong></span> <span class='ocrx_word' id='word_1_373' title='bbox 711 4114 757 4163; x_wconf 83' lang='grc' dir='ltr'><strong><em>καὶ</em></strong></span> <span class='ocrx_word' id='word_1_374' title='bbox 775 4111 1002 4175; x_wconf 78' lang='grc' dir='ltr'><strong><em>κατασκευάζεται,</em></strong></span> <span class='ocrx_word' id='word_1_375' title='bbox 1022 4110 1092 4167; x_wconf 74' lang='grc' dir='ltr'><strong><em>ὅπως</em></strong></span> <span class='ocrx_word' id='word_1_376' title='bbox 1107 4111 1180 4178; x_wconf 76' lang='grc' dir='ltr'><strong><em>ὑμῶν</em></strong></span> <span class='ocrx_word' id='word_1_377' title='bbox 1191 4111 1240 4179; x_wconf 84' lang='grc' dir='ltr'><strong><em>μὲν</em></strong></span> <span class='ocrx_word' id='word_1_378' title='bbox 1252 4110 1320 4164; x_wconf 83' lang='grc' dir='ltr'><strong><em>οἴκοι</em></strong></span> <span class='ocrx_word' id='word_1_379' title='bbox 1332 4109 1464 4179; x_wconf 79' lang='grc' dir='ltr'><strong><em>μενόντων</em></strong></span> 
     </span>
     <span class='ocr_line' id='line_1_39' title="bbox 184 4185 1464 4260; baseline 0.002 -20"><span class='ocrx_word' id='word_1_380' title='bbox 184 4187 234 4252; x_wconf 71' lang='grc' dir='ltr'>ἔξω</span> <span class='ocrx_word' id='word_1_381' title='bbox 249 4185 277 4241; x_wconf 80' lang='grc' dir='ltr'>δὲ</span> <span class='ocrx_word' id='word_1_382' title='bbox 288 4186 417 4257; x_wconf 82' lang='grc' dir='ltr'><strong><em>μηδεμιᾶς</em></strong></span> <span class='ocrx_word' id='word_1_383' title='bbox 434 4191 509 4257; x_wconf 79' lang='grc' dir='ltr'><strong><em>σίίσης</em></strong></span> <span class='ocrx_word' id='word_1_384' title='bbox 526 4194 570 4257; x_wconf 81' lang='grc' dir='ltr'>τῆι</span> <span class='ocrx_word' id='word_1_385' title='bbox 587 4189 664 4244; x_wconf 86' lang='grc' dir='ltr'><strong><em>πόλει</em></strong></span> <span class='ocrx_word' id='word_1_386' title='bbox 677 4187 806 4260; x_wconf 74' lang='grc' dir='ltr'><strong><em>δυνάμεως</em></strong></span> <span class='ocrx_word' id='word_1_387' title='bbox 817 4189 885 4258; x_wconf 78' lang='grc' dir='ltr'><strong><em>μετά</em></strong></span> <span class='ocrx_word' id='word_1_388' title='bbox 902 4189 1024 4257; x_wconf 75' lang='grc' dir='ltr'><strong><em>πλείστης</em></strong></span> <span class='ocrx_word' id='word_1_389' title='bbox 1041 4190 1145 4257; x_wconf 72' lang='grc' dir='ltr'><strong><em>ἡσυχίας</em></strong></span> <span class='ocrx_word' id='word_1_390' title='bbox 1165 4191 1260 4244; x_wconf 71' lang='grc' dir='ltr'><strong><em>ἅπαντ’</em></strong></span> <span class='ocrx_word' id='word_1_391' title='bbox 1279 4190 1329 4243; x_wconf 74' lang='grc' dir='ltr'>ὅσα</span> <span class='ocrx_word' id='word_1_392' title='bbox 1343 4189 1464 4260; x_wconf 72' lang='grc' dir='ltr'><strong><em>βούλεται</em></strong></span> 
     </span>
     <span class='ocr_line' id='line_1_40' title="bbox 184 4267 501 4337; baseline 0.006 -15"><span class='ocrx_word' id='word_1_393' title='bbox 184 4267 317 4327; x_wconf 78' lang='grc' dir='ltr'><strong><em>Φίλιππος</em></strong></span> <span class='ocrx_word' id='word_1_394' title='bbox 335 4267 501 4337; x_wconf 85' lang='grc' dir='ltr'><strong><em>διοικήσεται.</em></strong></span> 
     </span>
    </p>

    <p class='ocr_par' dir='ltr' id='par_1_7' title="bbox 292 4351 1022 4422">
     <span class='ocr_line' id='line_1_41' title="bbox 292 4351 1022 4422; baseline 0.003 -18"><span class='ocrx_word' id='word_1_395' title='bbox 292 4351 310 4420; x_wconf 69' lang='lat'>²)</span> <span class='ocrx_word' id='word_1_396' title='bbox 330 4351 372 4404; x_wconf 91' lang='lat' dir='ltr'>De</span> <span class='ocrx_word' id='word_1_397' title='bbox 390 4353 528 4406; x_wconf 90' lang='lat' dir='ltr'>uocabulo</span> <span class='ocrx_word' id='word_1_398' title='bbox 548 4351 656 4408; x_wconf 71' lang='grc' dir='ltr'><strong><em>ἔκτοπος</em></strong></span> <span class='ocrx_word' id='word_1_399' title='bbox 674 4353 710 4407; x_wconf 87' lang='lat' dir='ltr'>cf.</span> <span class='ocrx_word' id='word_1_400' title='bbox 730 4353 793 4406; x_wconf 83' lang='lat' dir='ltr'>Dur.</span> <span class='ocrx_word' id='word_1_401' title='bbox 812 4351 918 4406; x_wconf 88' lang='lat' dir='ltr'>Bacch.</span> <span class='ocrx_word' id='word_1_402' title='bbox 932 4351 968 4406; x_wconf 87' lang='grc'>68</span> <span class='ocrx_word' id='word_1_403' title='bbox 980 4367 1022 4422; x_wconf 87' lang='lat' dir='ltr'>sq.</span> 
     </span>
    </p>

    <p class='ocr_par' dir='ltr' id='par_1_8' title="bbox 184 4428 1257 4742">
     <span class='ocr_line' id='line_1_42' title="bbox 555 4428 902 4502; baseline -0.009 -18"><span class='ocrx_word' id='word_1_404' title='bbox 555 4432 596 4487; x_wconf 88' lang='grc' dir='ltr'><strong><em>τίς</em></strong></span> <span class='ocrx_word' id='word_1_405' title='bbox 612 4428 693 4502; x_wconf 56' lang='lat' dir='ltr'>idoq-</span> <span class='ocrx_word' id='word_1_406' title='bbox 709 4433 749 4488; x_wconf 80' lang='grc' dir='ltr'><strong><em>τίς</em></strong></span> <span class='ocrx_word' id='word_1_407' title='bbox 767 4429 846 4500; x_wconf 75' lang='grc' dir='ltr'><strong><em>ὁδῶι,·</em></strong></span> <span class='ocrx_word' id='word_1_408' title='bbox 863 4432 902 4488; x_wconf 85' lang='grc' dir='ltr'><strong><em>τίς</em></strong></span> 
     </span>
     <span class='ocr_line' id='line_1_43' title="bbox 185 4508 938 4582; baseline 0.004 -21"><span class='ocrx_word' id='word_1_409' title='bbox 185 4563 187 4570; x_wconf 74' lang='grc'>,</span> <span class='ocrx_word' id='word_1_410' title='bbox 556 4508 719 4582; x_wconf 50' lang='lat' dir='ltr'>wichpurg</span> <span class='ocrx_word' id='word_1_411' title='bbox 737 4512 846 4567; x_wconf 70' lang='grc' dir='ltr'><strong><em>ἔκτοπος</em></strong></span> <span class='ocrx_word' id='word_1_412' title='bbox 864 4511 938 4564; x_wconf 75' lang='grc' dir='ltr'><strong><em>ἔστω.</em></strong></span> 
     </span>
     <span class='ocr_line' id='line_1_44' title="bbox 184 4587 1230 4662; baseline 0.001 -17"><span class='ocrx_word' id='word_1_413' title='bbox 184 4589 271 4661; x_wconf 87' lang='lat' dir='ltr'>Soph.</span> <span class='ocrx_word' id='word_1_414' title='bbox 292 4590 358 4646; x_wconf 82' lang='lat' dir='ltr'>Oed.</span> <span class='ocrx_word' id='word_1_415' title='bbox 379 4591 436 4646; x_wconf 83' lang='lat' dir='ltr'>col.</span> <span class='ocrx_word' id='word_1_416' title='bbox 455 4591 508 4645; x_wconf 83' lang='lat'>233</span> <span class='ocrx_word' id='word_1_417' title='bbox 723 4594 753 4644; x_wconf 82' lang='grc' dir='ltr'>σά</span> <span class='ocrx_word' id='word_1_418' title='bbox 772 4589 800 4645; x_wconf 79' lang='grc' dir='ltr'>δὲ</span> <span class='ocrx_word' id='word_1_419' title='bbox 818 4594 871 4644; x_wconf 80' lang='grc' dir='ltr'>τῶν</span> <span class='ocrx_word' id='word_1_420' title='bbox 890 4587 1005 4662; x_wconf 82' lang='grc' dir='ltr'><strong><em>ἑδράνων</em></strong></span> <span class='ocrx_word' id='word_1_421' title='bbox 1022 4589 1104 4644; x_wconf 86' lang='grc' dir='ltr'><strong><em>πάλιν</em></strong></span> <span class='ocrx_word' id='word_1_422' title='bbox 1121 4591 1230 4646; x_wconf 74' lang='grc' dir='ltr'><strong><em>ἔκτοπος</em></strong></span> 
     </span>
     <span class='ocr_line' id='line_1_45' title="bbox 723 4668 1257 4742; baseline 0 -19"><span class='ocrx_word' id='word_1_423' title='bbox 723 4668 802 4728; x_wconf 73' lang='grc' dir='ltr'><strong><em>αὖθις</em></strong></span> <span class='ocrx_word' id='word_1_424' title='bbox 819 4672 939 4742; x_wconf 77' lang='grc' dir='ltr'><strong><em>άφορμος</em></strong></span> <span class='ocrx_word' id='word_1_425' title='bbox 956 4669 1020 4728; x_wconf 79' lang='grc' dir='ltr'><strong><em>ἐμᾶς</em></strong></span> <span class='ocrx_word' id='word_1_426' title='bbox 1036 4669 1134 4737; x_wconf 72' lang='grc' dir='ltr'><strong><em>χθονὸς</em></strong></span> <span class='ocrx_word' id='word_1_427' title='bbox 1152 4671 1257 4741; x_wconf 76' lang='grc' dir='ltr'><strong><em>ἔκθορε.</em></strong></span> 
     </span>
    </p>
   </div>
   <div class='ocr_carea' id='block_1_7' title="bbox 0 0 1728 5134">
    <p class='ocr_par' dir='ltr' id='par_1_9' title="bbox 0 0 1728 5134">
     <span class='ocr_line' id='line_1_46' title="bbox 0 0 1728 5134; baseline 0 0"><span class='ocrx_word' id='word_1_428' title='bbox 0 0 1728 5134; x_wconf 95' lang='lat' dir='ltr'> </span> 
     </span>
    </p>
   </div>
  </div>
 </body>
</html>
