3448 5134
788 372 1011 440 ,70-

256 550 368 616 MOY
384 572 414 616 u.
430 549 483 616 46.
521 548 607 632 Elrgo
630 549 685 616 hic
711 571 780 616 non
795 552 818 615 Ι
828 549 942 618 littera
971 550 1046 635 fuit,
1078 551 1138 618 sed
1162 553 1198 618 Y.
1244 552 1362 640 Itaque
1394 552 1540 620 fortasse

256 651 347 714 recte
371 649 561 733 scripsimus
585 651 632 721 ὡς
663 647 830 750 άδά[νοτον
860 646 959 739 τοῦτ’]
994 648 1028 716 id
1067 649 1156 736 quod
1195 653 1326 736 spectet
1359 649 1404 718 ad
1437 675 1469 718 u.
1497 653 1540 717 42

258 757 366 828 οὐθεὶς
388 756 577 840 ἐπλούτησαν
608 757 643 821 et
674 755 962 842 interpretandum
991 756 1035 822 sit
1066 759 1181 838 ‘trecte
1212 761 1251 823 tu
1275 757 1429 844 quidemp
1461 781 1541 825 nam

257 854 321 920 hoc
338 853 414 918 fieri
428 874 496 919 non
512 855 644 940 potest?
671 854 779 940 Atque
797 853 837 919 de
853 855 945 920 uocis
961 857 1009 926 ὡς
1025 876 1089 920 usu
1106 853 1145 920 cf.
1159 855 1258 941 Soph.
1270 854 1408 922 Philoot.
1418 857 1482 923 811
1493 879 1541 943 sq.

472 954 511 1016 οὗ
533 954 600 1036 μήν
624 955 656 1017 σ’
681 953 814 1035 ἔναρκάν
837 955 870 1036 γ’
895 955 975 1028 ἀξιῶ
998 955 1125 1028 Θέσθαι,
1148 952 1329 1042 τέκνον-46

472 1051 518 1121 ὡς
541 1051 581 1114 οὗ
603 1051 697 1133 Θέμις
720 1053 752 1133 γ’
777 1052 905 1133 epodon
929 1059 986 1116 σοῦ
1008 1053 1117 1134 μολεῖν
1140 1053 1222 1135 ἄτερ.

257 1157 330 1224 Iam
352 1153 393 1222 de
417 1156 545 1241 eisqui
569 1159 756 1243 sequuntur
778 1155 941 1240 uersibus²
974 1177 1058 1244 quos
1081 1157 1149 1223 Leo
1179 1160 1268 1224 recte
1300 1159 1542 1245 interpretatus

258 1254 453 1340 restituerit,
478 1253 623 1321 breuiter
646 1253 831 1320 absoluam.
876 1255 988 1341 Atque
1011 1255 1046 1320 in
1069 1254 1183 1340 primis
1217 1257 1445 1342 quaerendum
1477 1261 1540 1341 est,

259 1374 346 1440 quae
362 1353 431 1419 sint
444 1351 503 1418 ille
522 1352 633 1420 Θάσια.
655 1351 778 1418 Urceos
798 1351 854 1418 uel
876 1373 963 1418 uasa
986 1351 1153 1440 quaedam
1176 1375 1217 1420 ea
1240 1375 1314 1420 esse
1337 1355 1401 1420 uiri
1424 1353 1541 1439 docti²)

258 1453 382 1537 putant
404 1471 467 1516 nec
488 1452 604 1516 tamen
635 1449 830 1516 testimonia
856 1451 1091 1536 praebuerunt
1127 1451 1167 1517 ci.
1184 1452 1292 1518 Strab.
1309 1451 1406 1518 V119
1430 1475 1460 1539 p.
1477 1453 1540 1517 317

258 1580 303 1606 =
318 1570 348 1634 p.
364 1547 440 1630 435,
451 1547 494 1614 29
510 1547 608 1614 Mein.
632 1549 696 1614 ἀπὸ
719 1556 775 1613 τοῦ
799 1551 1000 1633 εὑρίσκεσθαι
1022 1552 1165 1634 κέραμόν
1187 1575 1220 1616 τε
1241 1551 1327 1615 Χῖον
1349 1553 1404 1616 καὶ
1423 1550 1543 1616 Θάσιον

259 1649 292 1712 ἓν
314 1653 372 1711 τῶι
386 1647 530 1731 Νάρωνι.
569 1647 616 1711 At
631 1666 707 1711 cum
722 1645 901 1729 figulorum
918 1646 1116 1713 Thasiorum
1134 1667 1235 1733 opera
1250 1648 1373 1714 eximia
1388 1648 1542 1714 floruisse

259 1743 364 1827 gloria
387 1764 553 1830 nusquam
578 1743 622 1809 sit
645 1742 816 1827 traditum,
842 1765 907 1831 quo
930 1745 1029 1811 modo
1058 1744 1160 1811 Θάσια
1193 1745 1386 1832 simpliciter
1417 1746 1542 1812 dictum

259 1840 348 1908 idem
379 1863 454 1908 esse
486 1861 525 1907 ac
555 1845 656 1907 ‘uasa
679 1842 815 1908 Thasia’
846 1844 962 1929 possit,
993 1864 1062 1909 non
1093 1841 1190 1909 uideo
1216 1843 1265 1926 (cf.
1289 1843 1456 1927 Blirmner,
1480 1844 1542 1909 Die

259 1939 479 2022 gewerbliche
503 1939 673 2023 Tatigkeit
704 1940 762 2006 der
784 1939 909 2006 Vblker
939 1940 997 2006 des
1028 1940 1130 2010 klass
1153 1941 1339 2008 Altertums
1363 1964 1392 2028 p.
1409 1941 1452 2008 85
1474 1947 1541 2027 sq),

259 2058 369 2124 neque
389 2039 459 2104 ueri
483 2037 588 2104 simile
609 2037 742 2104 uidetur
765 2036 798 2103 id
822 2039 911 2124 quod
933 2038 1000 2104 Leo
1023 2059 1053 2124 p.
1071 2039 1137 2104 684
1161 2040 1346 2106 contendit:
1370 2039 1544 2106 ‘Offenbar

259 2135 322 2201 hat
352 2156 387 2201 er
418 2157 454 2202 es
481 2135 731 2220 iibernommen‚
765 2135 826 2202 das
858 2137 970 2219 notige
994 2135 1148 2203 Geschirr
1181 2159 1223 2202 zu
1246 2137 1429 2221 besorgen?
1477 2136 1543 2204 Sed

260 2233 481 2300 clarissimum
500 2233 566 2299 fuit
588 2254 646 2319 per
668 2235 777 2299 totam
802 2232 977 2300 Graeciam
1000 2235 1115 2300 uinum
1141 2235 1312 2317 Thasium,
1338 2256 1403 2322 quo
1419 2235 1544 2322 ubique

261 2331 516 2398 delectabantur
546 2331 699 2397 homines
731 2329 850 2398 Graeci
881 2333 918 2398 cl.
939 2331 1025 2398 Men.
1048 2333 1085 2398 ir.
1106 2333 1210 2416 alae
1226 2332 1265 2400 K.
1290 2332 1371 2399 ΘΑΕ
1386 2334 1431 2399 ΠΙ
1453 2355 1483 2420 p.
1499 2333 1540 2399 91

260 2430 390 2496 Aelian.
414 2430 510 2515 Ep8
534 2452 563 2516 p.
581 2429 623 2494 18
646 2428 764 2495 Herch.
801 2431 864 2512 ἐγὼ
889 2431 923 2495 δὲ
946 2431 1084 2515 Λέσβιον
1105 2433 1188 2497 πίνω
1212 2433 1266 2496 καὶ
1293 2431 1413 2497 Θάσιον
1436 2429 1544 2498 Ath.=I

262 2550 292 2615 p.
308 2527 468 2594 aad-29
475 2549 501 2610 c,
526 2548 590 2614 quo
612 2527 683 2592 loco
707 2529 883 2613 poetarum
899 2526 955 2614 qui
971 2527 1070 2593 huius
1087 2528 1158 2593 uini
1173 2529 1378 2594 mentionem
1393 2528 1545 2595 fecerunt

263 2629 501 2693 enumerantur
523 2625 725 2691 testimonia.
771 2625 876 2713 Atqui
898 2626 962 2691 hoc
983 2624 1158 2692 Menandri
1184 2627 1255 2692 loco
1280 2649 1310 2692 u.
1326 2626 1371 2692 46
1387 2647 1434 2712 sq.
1458 2625 1544 2692 adu-

262 2726 392 2792 lescens
416 2745 490 2790 sese
513 2725 660 2790 tacuisse
684 2723 764 2789 dicit
786 2745 828 2789 ne
851 2722 1057 2789 temulentus
1073 2722 1242 2789 uideretur
1260 2727 1288 2788 εἰ
1300 2725 1345 2808 μὴ
1370 2762 1414 2771 -
1439 2762 1482 2770 -
1505 2723 1546 2807 ἦν

262 2825 398 2889 ὑπόνοια
429 2824 614 2907 κραιπάλης.
661 2822 753 2903 Quae
788 2822 961 2887 ebrietatis
996 2821 1140 2906 suspicio
1176 2842 1215 2886 eo
1246 2820 1378 2887 facilius
1412 2823 1546 2907 poterat

265 2921 350 3005 oriri,
376 2921 405 2986 si
427 2920 606 3007 amphoras
622 2920 693 2985 uini
708 2941 790 3006 puer
805 2918 1005 3006 pedisequus
1021 2919 1187 3004 portabat.
1223 2918 1308 3002 Ergo
1325 2917 1546 2985 Menandrum

263 3020 403 3086 uocibus
425 3020 463 3084 τὰ
492 3019 594 3085 Θάσια
618 3016 719 3084 cados
742 3017 866 3083 Thasio
897 3017 976 3082 uino
1006 3016 1188 3102 completos
1220 3015 1344 3082 dixisse
1374 3016 1546 3103 probabile

265 3120 325 3184 est.
360 3115 399 3183 cs.
416 3116 583 3202 Aristoph.
600 3115 685 3182 Ecol.
705 3116 791 3182 1118
808 3137 855 3200 sq.
962 3116 1044 3180 πολὺ
1068 3117 1101 3180 δ’
1125 3117 1359 3200 ὑπερπέπαικεν
1382 3115 1423 3180 οὗ

720 3216 842 3279 τούτων
865 3215 1015 3279 ἁπάντων
1036 3213 1074 3277 τὰ
1102 3213 1197 3279 Θάσι’
1221 3215 1422 3298 ἀμφορείδια.

264 3312 470 3379 Adulescens
493 3312 595 3395 igitur
616 3314 657 3377 ut
680 3311 723 3378 ad
751 3331 910 3393 magnum
941 3309 1023 3376 illud
1056 3310 1258 3394 conuiuium,
1291 3309 1331 3376 de
1363 3331 1428 3396 quo
1459 3308 1548 3375 inira

265 3433 296 3499 p.
312 3411 356 3478 78
364 3431 411 3497 sq.
429 3409 491 3476 erit
507 3408 691 3492 dicendum,
714 3407 839 3494 aliquid
856 3408 1030 3492 conferret,
1053 3429 1127 3474 cum
1144 3428 1241 3474 seruo
1257 3408 1293 3474 in
1308 3408 1380 3474 foro
1390 3410 1412 3491 q
1429 3408 1547 3473 uinum

266 3508 424 3591 coemitssl
460 3507 499 3574 cl.
522 3508 630 3573 Plaut.
656 3506 758 3572 Stich.
775 3505 840 3572 686
857 3528 903 3591 sq.

413 3606 581 3692 ‘Quisquis
601 3607 793 3692 praetereat
809 3605 1025 3670 comissatum
1046 3603 1121 3670 uolo
1137 3603 1258 3670 uocari.
1270 3600 1314 3691 ql:
1327 3603 1500 3684 Conuenit,

425 3705 515 3770 Dum
527 3703 659 3790 quidem
672 3702 782 3769 hercle
795 3703 935 3788 quisque
947 3700 1100 3792 (ueniet)
1111 3702 1229 3768 ueniat
1240 3723 1316 3767 cum
1328 3701 1407 3767 uino
1420 3704 1501 3768 suo?

266 3813 377 3899 Atque
401 3810 523 3878 ibidem
551 3810 637 3876 uidit
668 3811 854 3895 parasitum
885 3809 941 3894 qui
972 3808 1108 3874 diuitias
1141 3808 1351 3895 splendorem
1381 3807 1547 3873 luxuriam

267 3910 481 3991 ostentabat,
512 3907 547 3974 id
578 3906 666 3993 quod
698 3929 740 3974 ex
769 3909 874 3993 ipsius
906 3906 1131 3973 adulescentis
1163 3905 1275 3973 uerbis
1310 3908 1463 3992 apertum
1495 3906 1548 3970 est

266 4031 321 4074 uu.
342 4007 483 4073 48-63.
518 4006 571 4072 Ad
595 4026 679 4091 quos
702 4027 821 4072 uersus
845 4026 954 4092 pauca
977 4008 1058 4070 sunt
1081 4003 1284 4070 adnotanda.
1323 4010 1372 4070 Ac
1394 4003 1547 4090 primum,

268 4105 357 4193 quod
373 4104 569 4171 adulescens
585 4126 616 4170 11.
633 4103 677 4170 50
691 4108 750 4170 τίν’
768 4107 915 4187 εἰργάζον
930 4107 1041 4187 τέχνην
1046 4128 1057 4179 ,·
1074 4101 1165 4167 dicit:
1190 4101 1230 4168 de
1247 4104 1319 4167 arte
1336 4101 1516 4188 parasitica
1524 4100 1547 4182 ⁴)

375 4284 394 4353 ¹1
413 4282 541 4338 Britanni
560 4285 706 4337 uerterunt
723 4279 824 4352 ‘iaris'‚
844 4281 901 4335 Leo
920 4279 1014 4350 peso
1032 4279 1103 4333 haec
1123 4279 1205 4334 dicit:
1227 4279 1284 4334 Der
1301 4278 1386 4349 junge
1398 4277 1484 4332 Manu
1497 4275 1550 4331 hat

267 4363 320 4420 eui
338 4363 400 4418 dem
418 4363 528 4418 Markta
547 4361 679 4417 Geschirr
697 4359 825 4431 gekauft
846 4361 896 4415 das
914 4360 973 4416 ihm
993 4359 1038 4413 ein
1057 4358 1161 4414 sklave
1179 4359 1391 4430 nachgetragen
1410 4359 1471 4412 hat.

375 4443 395 4513 ¹)
414 4442 450 4500 cf.
462 4441 662 4508 Wachsmuth,
680 4441 733 4496 Die
752 4440 838 4496 Stadt
855 4441 950 4494 Athen
969 4439 995 4494 11
1013 4456 1039 4510 p.
1051 4438 1106 4494 466
1118 4457 1160 4511 sq.

375 4523 395 4594 ⁸)
416 4523 491 4595 quod
504 4522 574 4578 ciuis
586 4523 647 4594 ipse
660 4523 816 4577 obsonatur
829 4519 1062 4576 c1.Woohsmuth
1076 4520 1093 4574 l.
1107 4536 1128 4574 s.
1141 4536 1168 4590 p.
1180 4519 1236 4574 464
1248 4535 1288 4590 sq.
1307 4518 1399 4573 Plaut.
1413 4517 1476 4572 Aul.
1486 4515 1550 4572 264.

375 4604 395 4674 ⁴)
415 4603 450 4660 de
469 4619 527 4674 qua
539 4606 601 4658 arte
612 4602 697 4657 uelim
711 4601 842 4657 conferas
854 4600 988 4668 Ribbeck,
1001 4599 1094 4655 Kolax
1107 4617 1133 4671 p.
1144 4599 1179 4654 63
1189 4617 1250 4672 sqq.
1276 4599 1343 4665 Leo,
1355 4596 1552 4653 Plautinische

268 4685 471 4754 Forschungen
491 4701 519 4755 p.
531 4683 585 4738 133
603 4683 668 4738 adn.
681 4681 707 4738 2.
735 4681 824 4738 Nicol.
837 4681 871 4737 fr.
885 4679 909 4746 1,
924 4681 1029 4735 17-49
1041 4680 1075 4736 K.
1095 4679 1165 4735 cnr
1176 4681 1213 4734 III
1232 4696 1258 4751 p.
1274 4679 1335 4736 384.
