<?xml version="1.0" encoding="UTF-8"?>
<!DOCTYPE html PUBLIC "-//W3C//DTD XHTML 1.0 Transitional//EN"
    "http://www.w3.org/TR/xhtml1/DTD/xhtml1-transitional.dtd">
<html xmlns="http://www.w3.org/1999/xhtml" xml:lang="en" lang="en">
 <head>
  <title>
</title>
<meta http-equiv="Content-Type" content="text/html;charset=utf-8" />
  <meta name='ocr-system' content='tesseract 3.04.00' />
  <meta name='ocr-capabilities' content='ocr_page ocr_carea ocr_par ocr_line ocrx_word'/>
</head>
<body>
  <div class='ocr_page' id='page_1' title='image "./demenandrireliq00kretgoog_0091.png"; bbox 0 0 3448 5134; ppageno 0'>
   <div class='ocr_carea' id='block_1_1' title="bbox 791 382 1010 448">
    <p class='ocr_par' dir='ltr' id='par_1_1' title="bbox 791 382 1010 448">
     <span class='ocr_line' id='line_1_1' title="bbox 791 382 1010 448; baseline 0.005 -18"><span class='ocrx_word' id='word_1_1' title='bbox 791 382 1010 448; x_wconf 79' lang='grc'>-86-</span> 
     </span>
    </p>
   </div>
   <div class='ocr_carea' id='block_1_2' title="bbox 259 560 1545 1330">
    <p class='ocr_par' dir='ltr' id='par_1_2' title="bbox 259 560 1545 1330">
     <span class='ocr_line' id='line_1_2' title="bbox 259 560 1543 647; baseline 0.001 -18"><span class='ocrx_word' id='word_1_2' title='bbox 259 584 378 629; x_wconf 91' lang='lat' dir='ltr'>uocem</span> <span class='ocrx_word' id='word_1_3' title='bbox 409 565 527 647; x_wconf 78' lang='grc' dir='ltr'><em>ἄλοχος</em></span> <span class='ocrx_word' id='word_1_4' title='bbox 563 562 667 628; x_wconf 92' lang='lat' dir='ltr'>etiam</span> <span class='ocrx_word' id='word_1_5' title='bbox 701 560 789 628; x_wconf 91' lang='lat' dir='ltr'>idem</span> <span class='ocrx_word' id='word_1_6' title='bbox 824 581 898 627; x_wconf 89' lang='lat' dir='ltr'>esse</span> <span class='ocrx_word' id='word_1_7' title='bbox 929 581 969 628; x_wconf 90' lang='lat' dir='ltr'>ac</span> <span class='ocrx_word' id='word_1_8' title='bbox 998 561 1139 647; x_wconf 79' lang='lat' dir='ltr'>‘paelex&#39;</span> <span class='ocrx_word' id='word_1_9' title='bbox 1171 583 1214 627; x_wconf 89' lang='lat' dir='ltr'>cx</span> <span class='ocrx_word' id='word_1_10' title='bbox 1243 561 1380 628; x_wconf 90' lang='lat' dir='ltr'>Homeri</span> <span class='ocrx_word' id='word_1_11' title='bbox 1410 561 1543 630; x_wconf 91' lang='lat' dir='ltr'>duobus</span> 
     </span>
     <span class='ocr_line' id='line_1_3' title="bbox 259 658 1542 747; baseline 0 -20"><span class='ocrx_word' id='word_1_12' title='bbox 259 661 413 728; x_wconf 88' lang='lat' dir='ltr'>uersibus</span> <span class='ocrx_word' id='word_1_13' title='bbox 444 662 578 747; x_wconf 89' lang='lat' dir='ltr'>poterat</span> <span class='ocrx_word' id='word_1_14' title='bbox 609 660 776 742; x_wconf 80' lang='lat' dir='ltr'><strong>cognosci:</strong></span> <span class='ocrx_word' id='word_1_15' title='bbox 808 658 874 724; x_wconf 83' lang='grc'>141</span> <span class='ocrx_word' id='word_1_16' title='bbox 901 662 937 725; x_wconf 81' lang='grc' dir='ltr'>ἐκ</span> <span class='ocrx_word' id='word_1_17' title='bbox 959 661 1071 732; x_wconf 77' lang='grc' dir='ltr'><strong><em>πόλιος</em></strong></span> <span class='ocrx_word' id='word_1_18' title='bbox 1094 662 1128 725; x_wconf 80' lang='grc' dir='ltr'>δ’</span> <span class='ocrx_word' id='word_1_19' title='bbox 1153 662 1291 745; x_wconf 83' lang='grc' dir='ltr'><em>ἀλόχους</em></span> <span class='ocrx_word' id='word_1_20' title='bbox 1321 662 1376 726; x_wconf 86' lang='grc' dir='ltr'>καὶ</span> <span class='ocrx_word' id='word_1_21' title='bbox 1398 663 1542 746; x_wconf 81' lang='grc' dir='ltr'><strong><em>κτήματα</em></strong></span> 
     </span>
     <span class='ocr_line' id='line_1_4' title="bbox 259 755 1542 846; baseline 0.001 -22"><span class='ocrx_word' id='word_1_22' title='bbox 259 759 360 825; x_wconf 81' lang='grc' dir='ltr'><em>πολλὰ</em></span> <span class='ocrx_word' id='word_1_23' title='bbox 383 760 533 844; x_wconf 74' lang='grc' dir='ltr'><strong><em>λαβόντες</em></strong></span> <span class='ocrx_word' id='word_1_24' title='bbox 557 760 592 824; x_wconf 83' lang='grc'>11</span> <span class='ocrx_word' id='word_1_25' title='bbox 613 758 637 822; x_wconf 95' lang='grc' dir='ltr'><em>Ι</em></span> <span class='ocrx_word' id='word_1_26' title='bbox 649 756 724 840; x_wconf 86' lang='grc'>336,</span> <span class='ocrx_word' id='word_1_27' title='bbox 756 777 823 843; x_wconf 92' lang='lat' dir='ltr'>quo</span> <span class='ocrx_word' id='word_1_28' title='bbox 847 777 948 822; x_wconf 88' lang='lat' dir='ltr'>uersu</span> <span class='ocrx_word' id='word_1_29' title='bbox 971 755 1116 824; x_wconf 87' lang='lat' dir='ltr'>Achilles</span> <span class='ocrx_word' id='word_1_30' title='bbox 1145 756 1186 824; x_wconf 88' lang='lat' dir='ltr'>de</span> <span class='ocrx_word' id='word_1_31' title='bbox 1210 760 1462 841; x_wconf 76' lang='lat' dir='ltr'><strong>Agamemnone</strong></span> <span class='ocrx_word' id='word_1_32' title='bbox 1486 760 1542 846; x_wconf 92' lang='lat' dir='ltr'>qui</span> 
     </span>
     <span class='ocr_line' id='line_1_5' title="bbox 260 854 1543 940; baseline 0 -18"><span class='ocrx_word' id='word_1_33' title='bbox 260 856 441 923; x_wconf 80' lang='lat' dir='ltr'><strong>Briseidem</strong></span> <span class='ocrx_word' id='word_1_34' title='bbox 463 857 607 922; x_wconf 91' lang='lat' dir='ltr'>tentorio</span> <span class='ocrx_word' id='word_1_35' title='bbox 632 858 847 939; x_wconf 84' lang='grc' dir='ltr'>1111111ἔχει</span> <span class='ocrx_word' id='word_1_36' title='bbox 871 857 900 919; x_wconf 79' lang='grc' dir='ltr'>δ’</span> <span class='ocrx_word' id='word_1_37' title='bbox 911 857 1031 940; x_wconf 81' lang='grc' dir='ltr'><strong><em>ἄλοχον</em></strong></span> <span class='ocrx_word' id='word_1_38' title='bbox 1055 855 1142 921; x_wconf 90' lang='lat' dir='ltr'>dicit.</span> <span class='ocrx_word' id='word_1_39' title='bbox 1188 854 1273 940; x_wconf 82' lang='lat' dir='ltr'>Ergo</span> <span class='ocrx_word' id='word_1_40' title='bbox 1296 877 1331 921; x_wconf 90' lang='lat' dir='ltr'>re</span> <span class='ocrx_word' id='word_1_41' title='bbox 1355 876 1437 922; x_wconf 90' lang='lat' dir='ltr'>uera</span> <span class='ocrx_word' id='word_1_42' title='bbox 1451 858 1543 939; x_wconf 88' lang='lat' dir='ltr'>Aga-</span> 
     </span>
     <span class='ocr_line' id='line_1_6' title="bbox 260 953 1543 1038; baseline 0 -18"><span class='ocrx_word' id='word_1_43' title='bbox 260 955 368 1021; x_wconf 90' lang='lat' dir='ltr'>thiam</span> <span class='ocrx_word' id='word_1_44' title='bbox 391 957 426 1020; x_wconf 92' lang='lat' dir='ltr'>et</span> <span class='ocrx_word' id='word_1_45' title='bbox 447 953 690 1020; x_wconf 90' lang='lat' dir='ltr'>Philostratum</span> <span class='ocrx_word' id='word_1_46' title='bbox 722 953 810 1019; x_wconf 86' lang='lat' dir='ltr'>inter</span> <span class='ocrx_word' id='word_1_47' title='bbox 842 974 878 1018; x_wconf 92' lang='lat' dir='ltr'>se</span> <span class='ocrx_word' id='word_1_48' title='bbox 901 972 969 1019; x_wconf 92' lang='lat' dir='ltr'>non</span> <span class='ocrx_word' id='word_1_49' title='bbox 994 953 1110 1019; x_wconf 73' lang='lat' dir='ltr'>differe</span> <span class='ocrx_word' id='word_1_50' title='bbox 1133 953 1352 1021; x_wconf 83' lang='lat' dir='ltr'>manifestum</span> <span class='ocrx_word' id='word_1_51' title='bbox 1377 957 1459 1038; x_wconf 88' lang='lat' dir='ltr'>erat,</span> <span class='ocrx_word' id='word_1_52' title='bbox 1484 955 1543 1020; x_wconf 92' lang='lat' dir='ltr'>sed</span> 
     </span>
     <span class='ocr_line' id='line_1_7' title="bbox 261 1050 1543 1140; baseline 0 -21"><span class='ocrx_word' id='word_1_53' title='bbox 261 1050 437 1140; x_wconf 78' lang='lat' dir='ltr'>Glyceram</span> <span class='ocrx_word' id='word_1_54' title='bbox 468 1055 503 1118; x_wconf 92' lang='lat' dir='ltr'>et</span> <span class='ocrx_word' id='word_1_55' title='bbox 525 1051 671 1138; x_wconf 82' lang='lat' dir='ltr'>puellam</span> <span class='ocrx_word' id='word_1_56' title='bbox 704 1051 873 1137; x_wconf 90' lang='lat' dir='ltr'>captiuam</span> <span class='ocrx_word' id='word_1_57' title='bbox 906 1053 941 1116; x_wconf 92' lang='lat' dir='ltr'>et</span> <span class='ocrx_word' id='word_1_58' title='bbox 970 1051 1131 1138; x_wconf 82' lang='lat' dir='ltr'>paelicem</span> <span class='ocrx_word' id='word_1_59' title='bbox 1160 1073 1242 1119; x_wconf 88' lang='lat' dir='ltr'>esse.</span> <span class='ocrx_word' id='word_1_60' title='bbox 1288 1054 1337 1117; x_wconf 84' lang='lat' dir='ltr'>Ac</span> <span class='ocrx_word' id='word_1_61' title='bbox 1368 1053 1397 1118; x_wconf 90' lang='lat' dir='ltr'>si</span> <span class='ocrx_word' id='word_1_62' title='bbox 1426 1055 1543 1120; x_wconf 87' lang='lat' dir='ltr'>tamen</span> 
     </span>
     <span class='ocr_line' id='line_1_8' title="bbox 261 1147 1545 1238; baseline 0 -22"><span class='ocrx_word' id='word_1_63' title='bbox 261 1151 437 1238; x_wconf 90' lang='lat' dir='ltr'>quisquam</span> <span class='ocrx_word' id='word_1_64' title='bbox 461 1147 615 1216; x_wconf 88' lang='lat' dir='ltr'>dubitare</span> <span class='ocrx_word' id='word_1_65' title='bbox 638 1169 707 1214; x_wconf 93' lang='lat' dir='ltr'>non</span> <span class='ocrx_word' id='word_1_66' title='bbox 732 1149 877 1231; x_wconf 80' lang='lat' dir='ltr'>desierit,</span> <span class='ocrx_word' id='word_1_67' title='bbox 902 1151 1014 1215; x_wconf 90' lang='lat' dir='ltr'>cartae</span> <span class='ocrx_word' id='word_1_68' title='bbox 1039 1149 1193 1216; x_wconf 91' lang='lat' dir='ltr'>uersibus</span> <span class='ocrx_word' id='word_1_69' title='bbox 1217 1151 1258 1216; x_wconf 81' lang='lat'>37</span> <span class='ocrx_word' id='word_1_70' title='bbox 1268 1171 1338 1237; x_wconf 89' lang='lat' dir='ltr'>sqq.</span> <span class='ocrx_word' id='word_1_71' title='bbox 1362 1151 1421 1217; x_wconf 93' lang='lat' dir='ltr'>ubi</span> <span class='ocrx_word' id='word_1_72' title='bbox 1444 1151 1545 1217; x_wconf 88' lang='lat' dir='ltr'>datur</span> 
     </span>
     <span class='ocr_line' id='line_1_9' title="bbox 261 1246 1112 1330; baseline -0.001 -16"><span class='ocrx_word' id='word_1_73' title='bbox 261 1249 395 1315; x_wconf 93' lang='lat' dir='ltr'>demum</span> <span class='ocrx_word' id='word_1_74' title='bbox 417 1247 476 1314; x_wconf 90' lang='lat' dir='ltr'>illa</span> <span class='ocrx_word' id='word_1_75' title='bbox 498 1247 534 1312; x_wconf 93' lang='lat' dir='ltr'>in</span> <span class='ocrx_word' id='word_1_76' title='bbox 557 1246 817 1330; x_wconf 83' lang='lat' dir='ltr'>matrimonium,</span> <span class='ocrx_word' id='word_1_77' title='bbox 840 1267 893 1313; x_wconf 87' lang='lat' dir='ltr'>res</span> <span class='ocrx_word' id='word_1_78' title='bbox 917 1246 1112 1313; x_wconf 89' lang='lat' dir='ltr'>absoluitur.</span> 
     </span>
    </p>
   </div>
   <div class='ocr_carea' id='block_1_3' title="bbox 261 1361 1548 3815">
    <p class='ocr_par' dir='ltr' id='par_1_3' title="bbox 261 1361 1548 3329">
     <span class='ocr_line' id='line_1_10' title="bbox 367 1361 1544 1450; baseline -0.001 -21"><span class='ocrx_word' id='word_1_79' title='bbox 367 1364 438 1429; x_wconf 90' lang='lat' dir='ltr'>Iam</span> <span class='ocrx_word' id='word_1_80' title='bbox 453 1363 497 1429; x_wconf 91' lang='lat' dir='ltr'>ad</span> <span class='ocrx_word' id='word_1_81' title='bbox 512 1363 587 1449; x_wconf 88' lang='lat' dir='ltr'>ipsa</span> <span class='ocrx_word' id='word_1_82' title='bbox 602 1361 776 1429; x_wconf 90' lang='lat' dir='ltr'>Menandri</span> <span class='ocrx_word' id='word_1_83' title='bbox 791 1362 896 1428; x_wconf 90' lang='lat' dir='ltr'>uerba</span> <span class='ocrx_word' id='word_1_84' title='bbox 911 1365 1083 1428; x_wconf 77' lang='lat' dir='ltr'>transeam</span> <span class='ocrx_word' id='word_1_85' title='bbox 1099 1366 1142 1447; x_wconf 82' lang='lat' dir='ltr'>et,</span> <span class='ocrx_word' id='word_1_86' title='bbox 1165 1384 1208 1430; x_wconf 92' lang='lat' dir='ltr'>ne</span> <span class='ocrx_word' id='word_1_87' title='bbox 1223 1363 1344 1446; x_wconf 88' lang='lat' dir='ltr'>longus</span> <span class='ocrx_word' id='word_1_88' title='bbox 1360 1364 1433 1446; x_wconf 88' lang='lat' dir='ltr'>eim,</span> <span class='ocrx_word' id='word_1_89' title='bbox 1458 1384 1544 1450; x_wconf 88' lang='lat' dir='ltr'>quae</span> 
     </span>
     <span class='ocr_line' id='line_1_11' title="bbox 262 1458 1546 1547; baseline -0.002 -18"><span class='ocrx_word' id='word_1_90' title='bbox 262 1484 283 1529; x_wconf 88' lang='lat' dir='ltr'>a</span> <span class='ocrx_word' id='word_1_91' title='bbox 305 1461 385 1527; x_wconf 92' lang='lat' dir='ltr'>uiris</span> <span class='ocrx_word' id='word_1_92' title='bbox 409 1458 515 1527; x_wconf 88' lang='lat' dir='ltr'>doctis</span> <span class='ocrx_word' id='word_1_93' title='bbox 547 1481 648 1547; x_wconf 90' lang='lat' dir='ltr'>supra</span> <span class='ocrx_word' id='word_1_94' title='bbox 676 1460 942 1526; x_wconf 90' lang='lat' dir='ltr'>commemoratis</span> <span class='ocrx_word' id='word_1_95' title='bbox 973 1461 1071 1526; x_wconf 90' lang='lat' dir='ltr'>certis</span> <span class='ocrx_word' id='word_1_96' title='bbox 1100 1461 1306 1544; x_wconf 85' lang='lat' dir='ltr'>argumentis</span> <span class='ocrx_word' id='word_1_97' title='bbox 1330 1462 1546 1547; x_wconf 88' lang='lat' dir='ltr'>comprobata</span> 
     </span>
     <span class='ocr_line' id='line_1_12' title="bbox 262 1557 1546 1646; baseline 0 -20"><span class='ocrx_word' id='word_1_98' title='bbox 262 1562 343 1626; x_wconf 88' lang='lat' dir='ltr'>sunt</span> <span class='ocrx_word' id='word_1_99' title='bbox 382 1559 505 1625; x_wconf 90' lang='lat' dir='ltr'>iterum</span> <span class='ocrx_word' id='word_1_100' title='bbox 535 1558 578 1624; x_wconf 91' lang='lat' dir='ltr'>ab</span> <span class='ocrx_word' id='word_1_101' title='bbox 611 1578 675 1623; x_wconf 93' lang='lat' dir='ltr'>ouo</span> <span class='ocrx_word' id='word_1_102' title='bbox 707 1557 886 1644; x_wconf 88' lang='lat' dir='ltr'>explanare</span> <span class='ocrx_word' id='word_1_103' title='bbox 920 1557 1031 1625; x_wconf 91' lang='lat' dir='ltr'>nolim.</span> <span class='ocrx_word' id='word_1_104' title='bbox 1078 1559 1126 1624; x_wconf 83' lang='lat' dir='ltr'>Ac</span> <span class='ocrx_word' id='word_1_105' title='bbox 1156 1560 1262 1646; x_wconf 89' lang='lat' dir='ltr'>prima</span> <span class='ocrx_word' id='word_1_106' title='bbox 1293 1557 1427 1646; x_wconf 92' lang='lat' dir='ltr'>quidem</span> <span class='ocrx_word' id='word_1_107' title='bbox 1459 1580 1546 1645; x_wconf 92' lang='lat' dir='ltr'>quae</span> 
     </span>
     <span class='ocr_line' id='line_1_13' title="bbox 263 1655 1545 1743; baseline -0.002 -20"><span class='ocrx_word' id='word_1_108' title='bbox 263 1659 359 1723; x_wconf 87' lang='lat' dir='ltr'>extet</span> <span class='ocrx_word' id='word_1_109' title='bbox 374 1676 498 1722; x_wconf 84' lang='lat' dir='ltr'>scaena</span> <span class='ocrx_word' id='word_1_110' title='bbox 509 1655 723 1724; x_wconf 85' lang='lat' dir='ltr'>Polemonem</span> <span class='ocrx_word' id='word_1_111' title='bbox 738 1676 839 1743; x_wconf 92' lang='lat' dir='ltr'>quem</span> <span class='ocrx_word' id='word_1_112' title='bbox 849 1655 971 1738; x_wconf 87' lang='lat' dir='ltr'>flagitii</span> <span class='ocrx_word' id='word_1_113' title='bbox 982 1657 1016 1722; x_wconf 93' lang='lat' dir='ltr'>in</span> <span class='ocrx_word' id='word_1_114' title='bbox 1030 1657 1172 1722; x_wconf 91' lang='lat' dir='ltr'>amicam</span> <span class='ocrx_word' id='word_1_115' title='bbox 1185 1657 1353 1723; x_wconf 89' lang='lat' dir='ltr'>commissi</span> <span class='ocrx_word' id='word_1_116' title='bbox 1365 1656 1545 1723; x_wconf 91' lang='lat' dir='ltr'>uehemen-</span> 
     </span>
     <span class='ocr_line' id='line_1_14' title="bbox 262 1753 1546 1841; baseline -0.002 -19"><span class='ocrx_word' id='word_1_117' title='bbox 262 1755 391 1822; x_wconf 87' lang='lat' dir='ltr'>tissime</span> <span class='ocrx_word' id='word_1_118' title='bbox 429 1754 618 1841; x_wconf 90' lang='lat' dir='ltr'>paeniteat,</span> <span class='ocrx_word' id='word_1_119' title='bbox 661 1774 737 1820; x_wconf 91' lang='lat' dir='ltr'>cum</span> <span class='ocrx_word' id='word_1_120' title='bbox 772 1753 894 1820; x_wconf 88' lang='lat' dir='ltr'>ancilla</span> <span class='ocrx_word' id='word_1_121' title='bbox 937 1775 1000 1820; x_wconf 89' lang='lat' dir='ltr'>sua</span> <span class='ocrx_word' id='word_1_122' title='bbox 1034 1753 1154 1821; x_wconf 89' lang='lat' dir='ltr'>Doride</span> <span class='ocrx_word' id='word_1_123' title='bbox 1202 1755 1356 1841; x_wconf 89' lang='lat' dir='ltr'>conloqui</span> <span class='ocrx_word' id='word_1_124' title='bbox 1402 1754 1546 1821; x_wconf 89' lang='lat' dir='ltr'>editores</span> 
     </span>
     <span class='ocr_line' id='line_1_15' title="bbox 262 1850 1547 1940; baseline 0 -21"><span class='ocrx_word' id='word_1_125' title='bbox 262 1853 442 1919; x_wconf 89' lang='lat' dir='ltr'>Britannici</span> <span class='ocrx_word' id='word_1_126' title='bbox 466 1854 555 1918; x_wconf 90' lang='lat' dir='ltr'>recte</span> <span class='ocrx_word' id='word_1_127' title='bbox 579 1850 807 1919; x_wconf 90' lang='lat' dir='ltr'>ostenderunt.</span> <span class='ocrx_word' id='word_1_128' title='bbox 853 1851 923 1918; x_wconf 93' lang='lat' dir='ltr'>Nec</span> <span class='ocrx_word' id='word_1_129' title='bbox 946 1854 1059 1939; x_wconf 89' lang='lat' dir='ltr'>potest</span> <span class='ocrx_word' id='word_1_130' title='bbox 1083 1853 1159 1918; x_wconf 91' lang='lat' dir='ltr'>oriri</span> <span class='ocrx_word' id='word_1_131' title='bbox 1179 1851 1356 1936; x_wconf 87' lang='lat' dir='ltr'>dubitatio,</span> <span class='ocrx_word' id='word_1_132' title='bbox 1380 1854 1460 1940; x_wconf 92' lang='lat' dir='ltr'>quin</span> <span class='ocrx_word' id='word_1_133' title='bbox 1482 1852 1547 1919; x_wconf 90' lang='lat' dir='ltr'>loci</span> 
     </span>
     <span class='ocr_line' id='line_1_16' title="bbox 262 1948 1546 2042; baseline -0.002 -24"><span class='ocrx_word' id='word_1_134' title='bbox 262 1951 411 2018; x_wconf 91' lang='lat' dir='ltr'>condicio</span> <span class='ocrx_word' id='word_1_135' title='bbox 435 1952 613 2016; x_wconf 85' lang='grc'>11111111</span> <span class='ocrx_word' id='word_1_136' title='bbox 636 1951 680 2016; x_wconf 91' lang='lat' dir='ltr'>sit</span> <span class='ocrx_word' id='word_1_137' title='bbox 704 1948 821 2016; x_wconf 92' lang='lat' dir='ltr'>eadem</span> <span class='ocrx_word' id='word_1_138' title='bbox 838 1948 878 2016; x_wconf 93' lang='lat' dir='ltr'>de</span> <span class='ocrx_word' id='word_1_139' title='bbox 895 1971 961 2036; x_wconf 89' lang='lat' dir='ltr'>qua</span> <span class='ocrx_word' id='word_1_140' title='bbox 976 1949 1202 2042; x_wconf 78' lang='lat' dir='ltr'>Philostratus</span> <span class='ocrx_word' id='word_1_141' title='bbox 1227 1951 1297 2034; x_wconf 90' lang='lat' dir='ltr'>agit</span> <span class='ocrx_word' id='word_1_142' title='bbox 1317 1951 1429 2016; x_wconf 91' lang='lat' dir='ltr'>uerbis</span> <span class='ocrx_word' id='word_1_143' title='bbox 1444 1971 1546 2036; x_wconf 90' lang='lat' dir='ltr'>supra</span> 
     </span>
     <span class='ocr_line' id='line_1_17' title="bbox 263 2046 1544 2136; baseline -0.002 -20"><span class='ocrx_word' id='word_1_144' title='bbox 263 2049 402 2136; x_wconf 80' lang='lat' dir='ltr'>scriptis,</span> <span class='ocrx_word' id='word_1_145' title='bbox 425 2049 511 2115; x_wconf 92' lang='lat' dir='ltr'>Nam</span> <span class='ocrx_word' id='word_1_146' title='bbox 528 2046 644 2114; x_wconf 91' lang='lat' dir='ltr'>uideas</span> <span class='ocrx_word' id='word_1_147' title='bbox 660 2070 691 2114; x_wconf 92' lang='grc'>1.</span> <span class='ocrx_word' id='word_1_148' title='bbox 709 2050 744 2114; x_wconf 89' lang='lat'>1:</span> <span class='ocrx_word' id='word_1_149' title='bbox 766 2051 804 2113; x_wconf 78' lang='grc' dir='ltr'>ἵν’</span> <span class='ocrx_word' id='word_1_150' title='bbox 821 2049 958 2132; x_wconf 79' lang='grc' dir='ltr'><strong><em>ἐμαυτὸν</em></strong></span> <span class='ocrx_word' id='word_1_151' title='bbox 973 2052 1180 2132; x_wconf 77' lang='grc' dir='ltr'><strong><em>ὰποπνίξαιμι</em></strong></span> <span class='ocrx_word' id='word_1_152' title='bbox 1195 2051 1246 2114; x_wconf 86' lang='lat' dir='ltr'>‘ut</span> <span class='ocrx_word' id='word_1_153' title='bbox 1260 2070 1314 2114; x_wconf 93' lang='lat' dir='ltr'>me</span> <span class='ocrx_word' id='word_1_154' title='bbox 1330 2047 1544 2135; x_wconf 89' lang='lat' dir='ltr'>suspendam,</span> 
     </span>
     <span class='ocr_line' id='line_1_18' title="bbox 263 2145 1544 2233; baseline -0.002 -20"><span class='ocrx_word' id='word_1_155' title='bbox 263 2147 522 2233; x_wconf 84' lang='lat' dir='ltr'>suspenderem,’</span> <span class='ocrx_word' id='word_1_156' title='bbox 546 2145 656 2232; x_wconf 91' lang='lat' dir='ltr'>inquit</span> <span class='ocrx_word' id='word_1_157' title='bbox 676 2145 820 2212; x_wconf 91' lang='lat' dir='ltr'>Polemo.</span> <span class='ocrx_word' id='word_1_158' title='bbox 869 2145 1051 2212; x_wconf 89' lang='lat' dir='ltr'>Dissuadet</span> <span class='ocrx_word' id='word_1_159' title='bbox 1071 2146 1168 2212; x_wconf 91' lang='lat' dir='ltr'>Doris</span> <span class='ocrx_word' id='word_1_160' title='bbox 1190 2148 1236 2231; x_wconf 82' lang='grc' dir='ltr'>μὴ</span> <span class='ocrx_word' id='word_1_161' title='bbox 1254 2148 1293 2230; x_wconf 81' lang='grc' dir='ltr'>δὴ</span> <span class='ocrx_word' id='word_1_162' title='bbox 1310 2185 1355 2193; x_wconf 95' lang='grc'>-</span> <span class='ocrx_word' id='word_1_163' title='bbox 1368 2183 1422 2212; x_wconf 89' lang='grc'>-.</span> <span class='ocrx_word' id='word_1_164' title='bbox 1439 2145 1544 2226; x_wconf 78' lang='lat' dir='ltr'>Quem</span> 
     </span>
     <span class='ocr_line' id='line_1_19' title="bbox 263 2241 1546 2331; baseline -0.002 -20"><span class='ocrx_word' id='word_1_165' title='bbox 263 2245 306 2311; x_wconf 92' lang='lat' dir='ltr'>ad</span> <span class='ocrx_word' id='word_1_166' title='bbox 329 2263 464 2310; x_wconf 92' lang='lat' dir='ltr'>uersum</span> <span class='ocrx_word' id='word_1_167' title='bbox 479 2241 725 2310; x_wconf 86' lang='lat' dir='ltr'>restituendum</span> <span class='ocrx_word' id='word_1_168' title='bbox 749 2242 892 2308; x_wconf 90' lang='lat' dir='ltr'>editores</span> <span class='ocrx_word' id='word_1_169' title='bbox 909 2246 1063 2328; x_wconf 81' lang='grc' dir='ltr'><em>φλήναῳα</em></span> <span class='ocrx_word' id='word_1_170' title='bbox 1078 2247 1324 2330; x_wconf 89' lang='lat' dir='ltr'>proposuerunt</span> <span class='ocrx_word' id='word_1_171' title='bbox 1345 2265 1403 2331; x_wconf 91' lang='lat' dir='ltr'>per</span> <span class='ocrx_word' id='word_1_172' title='bbox 1418 2264 1454 2309; x_wconf 91' lang='lat' dir='ltr'>se</span> <span class='ocrx_word' id='word_1_173' title='bbox 1477 2263 1546 2308; x_wconf 95' lang='lat' dir='ltr'>non</span> 
     </span>
     <span class='ocr_line' id='line_1_20' title="bbox 262 2339 1545 2428; baseline -0.002 -20"><span class='ocrx_word' id='word_1_174' title='bbox 262 2341 350 2408; x_wconf 89' lang='lat' dir='ltr'>mele</span> <span class='ocrx_word' id='word_1_175' title='bbox 374 2339 582 2407; x_wconf 89' lang='lat' dir='ltr'>eMenandri</span> <span class='ocrx_word' id='word_1_176' title='bbox 605 2340 750 2407; x_wconf 92' lang='lat' dir='ltr'>dictione</span> <span class='ocrx_word' id='word_1_177' title='bbox 766 2340 1011 2428; x_wconf 79' lang='lat' dir='ltr'>depromptum3</span> <span class='ocrx_word' id='word_1_178' title='bbox 1035 2342 1095 2408; x_wconf 90' lang='lat' dir='ltr'>sed</span> <span class='ocrx_word' id='word_1_179' title='bbox 1112 2363 1187 2408; x_wconf 90' lang='lat' dir='ltr'>curn</span> <span class='ocrx_word' id='word_1_180' title='bbox 1202 2342 1266 2408; x_wconf 90' lang='lat' dir='ltr'>hoc</span> <span class='ocrx_word' id='word_1_181' title='bbox 1281 2342 1384 2408; x_wconf 90' lang='lat' dir='ltr'>uerbo</span> <span class='ocrx_word' id='word_1_182' title='bbox 1407 2341 1458 2406; x_wconf 89' lang='lat' dir='ltr'>uti</span> <span class='ocrx_word' id='word_1_183' title='bbox 1481 2361 1545 2406; x_wconf 91' lang='lat' dir='ltr'>an-</span> 
     </span>
     <span class='ocr_line' id='line_1_21' title="bbox 263 2438 1548 2526; baseline -0.002 -20"><span class='ocrx_word' id='word_1_184' title='bbox 263 2439 382 2521; x_wconf 90' lang='lat' dir='ltr'>cillam,</span> <span class='ocrx_word' id='word_1_185' title='bbox 407 2460 494 2526; x_wconf 90' lang='lat' dir='ltr'>quae</span> <span class='ocrx_word' id='word_1_186' title='bbox 518 2459 594 2506; x_wconf 89' lang='lat' dir='ltr'>cum</span> <span class='ocrx_word' id='word_1_187' title='bbox 618 2459 672 2505; x_wconf 90' lang='lat' dir='ltr'>ero</span> <span class='ocrx_word' id='word_1_188' title='bbox 697 2438 918 2524; x_wconf 90' lang='lat' dir='ltr'>conloquatur</span> <span class='ocrx_word' id='word_1_189' title='bbox 941 2439 1053 2506; x_wconf 87' lang='lat' dir='ltr'>minus</span> <span class='ocrx_word' id='word_1_190' title='bbox 1077 2438 1262 2506; x_wconf 90' lang='lat' dir='ltr'>deceat-</span> <span class='ocrx_word' id='word_1_191' title='bbox 1282 2440 1365 2505; x_wconf 91' lang='lat' dir='ltr'>nihil</span> <span class='ocrx_word' id='word_1_192' title='bbox 1381 2440 1471 2505; x_wconf 91' lang='lat' dir='ltr'>enim</span> <span class='ocrx_word' id='word_1_193' title='bbox 1494 2442 1548 2505; x_wconf 92' lang='lat' dir='ltr'>est</span> 
     </span>
     <span class='ocr_line' id='line_1_22' title="bbox 262 2534 1547 2625; baseline -0.002 -22"><span class='ocrx_word' id='word_1_194' title='bbox 262 2558 328 2624; x_wconf 94' lang='lat' dir='ltr'>quo</span> <span class='ocrx_word' id='word_1_195' title='bbox 362 2558 537 2625; x_wconf 90' lang='lat' dir='ltr'>procacem</span> <span class='ocrx_word' id='word_1_196' title='bbox 573 2557 648 2603; x_wconf 89' lang='lat' dir='ltr'>eam</span> <span class='ocrx_word' id='word_1_197' title='bbox 684 2558 760 2602; x_wconf 90' lang='lat' dir='ltr'>esse</span> <span class='ocrx_word' id='word_1_198' title='bbox 796 2534 1042 2603; x_wconf 89' lang='lat' dir='ltr'>demonstretur</span> <span class='ocrx_word' id='word_1_199' title='bbox 1073 2576 1119 2586; x_wconf 90' lang='lat'>-</span> <span class='ocrx_word' id='word_1_200' title='bbox 1150 2537 1264 2604; x_wconf 91' lang='lat' dir='ltr'>malim</span> <span class='ocrx_word' id='word_1_201' title='bbox 1294 2537 1429 2603; x_wconf 90' lang='lat' dir='ltr'>Henrici</span> <span class='ocrx_word' id='word_1_202' title='bbox 1458 2535 1547 2604; x_wconf 92' lang='lat' dir='ltr'>Weil</span> 
     </span>
     <span class='ocr_line' id='line_1_23' title="bbox 263 2634 1546 2722; baseline -0.002 -21"><span class='ocrx_word' id='word_1_203' title='bbox 263 2635 533 2722; x_wconf 90' lang='lat' dir='ltr'>supplementum</span> <span class='ocrx_word' id='word_1_204' title='bbox 563 2637 655 2700; x_wconf 79' lang='grc' dir='ltr'><strong><em>τοῦτό</em></strong></span> <span class='ocrx_word' id='word_1_205' title='bbox 686 2661 721 2718; x_wconf 83' lang='grc' dir='ltr'>γε</span> <span class='ocrx_word' id='word_1_206' title='bbox 750 2635 902 2720; x_wconf 89' lang='lat' dir='ltr'>recipere,</span> <span class='ocrx_word' id='word_1_207' title='bbox 936 2636 974 2701; x_wconf 87' lang='lat' dir='ltr'>ci.</span> <span class='ocrx_word' id='word_1_208' title='bbox 1003 2634 1102 2721; x_wconf 86' lang='lat' dir='ltr'>Soph.</span> <span class='ocrx_word' id='word_1_209' title='bbox 1129 2635 1268 2702; x_wconf 84' lang='lat' dir='ltr'>Philoct.</span> <span class='ocrx_word' id='word_1_210' title='bbox 1296 2635 1361 2703; x_wconf 81' lang='lat'>763</span> <span class='ocrx_word' id='word_1_211' title='bbox 1393 2636 1439 2719; x_wconf 84' lang='grc' dir='ltr'>μὴ</span> <span class='ocrx_word' id='word_1_212' title='bbox 1468 2636 1546 2718; x_wconf 78' lang='grc' dir='ltr'><strong><em>δῆτα</em></strong></span> 
     </span>
     <span class='ocr_line' id='line_1_24' title="bbox 261 2729 1547 2821; baseline -0.001 -23"><span class='ocrx_word' id='word_1_213' title='bbox 261 2736 355 2800; x_wconf 79' lang='grc' dir='ltr'><strong>τοῦτό</strong></span> <span class='ocrx_word' id='word_1_214' title='bbox 386 2759 429 2816; x_wconf 83' lang='grc' dir='ltr'>γε.</span> <span class='ocrx_word' id='word_1_215' title='bbox 486 2733 556 2799; x_wconf 86' lang='grc' dir='ltr'>Ν11</span> <span class='ocrx_word' id='word_1_216' title='bbox 586 2753 654 2798; x_wconf 92' lang='lat' dir='ltr'>non</span> <span class='ocrx_word' id='word_1_217' title='bbox 685 2733 792 2799; x_wconf 92' lang='lat' dir='ltr'>simile</span> <span class='ocrx_word' id='word_1_218' title='bbox 825 2732 950 2821; x_wconf 88' lang='lat' dir='ltr'>aliquid</span> <span class='ocrx_word' id='word_1_219' title='bbox 980 2737 1094 2800; x_wconf 92' lang='lat' dir='ltr'>mente</span> <span class='ocrx_word' id='word_1_220' title='bbox 1129 2735 1276 2817; x_wconf 86' lang='lat' dir='ltr'>agitasse</span> <span class='ocrx_word' id='word_1_221' title='bbox 1307 2734 1342 2797; x_wconf 93' lang='lat' dir='ltr'>in</span> <span class='ocrx_word' id='word_1_222' title='bbox 1372 2729 1547 2799; x_wconf 90' lang='lat' dir='ltr'>Menandri</span> 
     </span>
     <span class='ocr_line' id='line_1_25' title="bbox 262 2828 1546 2917; baseline 0 -21"><span class='ocrx_word' id='word_1_223' title='bbox 262 2829 423 2917; x_wconf 83' lang='lat' dir='ltr'>Adelphis</span> <span class='ocrx_word' id='word_1_224' title='bbox 454 2828 704 2897; x_wconf 90' lang='lat' dir='ltr'>adulescentem</span> <span class='ocrx_word' id='word_1_225' title='bbox 734 2831 833 2897; x_wconf 87' lang='lat' dir='ltr'>testis</span> <span class='ocrx_word' id='word_1_226' title='bbox 865 2833 917 2897; x_wconf 89' lang='lat' dir='ltr'>est</span> <span class='ocrx_word' id='word_1_227' title='bbox 948 2831 1103 2898; x_wconf 90' lang='lat' dir='ltr'>Donatus</span> <span class='ocrx_word' id='word_1_228' title='bbox 1135 2852 1210 2897; x_wconf 93' lang='lat' dir='ltr'>cum</span> <span class='ocrx_word' id='word_1_229' title='bbox 1241 2831 1285 2897; x_wconf 90' lang='lat' dir='ltr'>ad</span> <span class='ocrx_word' id='word_1_230' title='bbox 1308 2831 1379 2897; x_wconf 82' lang='lat' dir='ltr'>Ter.</span> <span class='ocrx_word' id='word_1_231' title='bbox 1407 2829 1546 2916; x_wconf 85' lang='lat' dir='ltr'>Adelph.</span> 
     </span>
     <span class='ocr_line' id='line_1_26' title="bbox 263 2927 1547 3016; baseline -0.002 -22"><span class='ocrx_word' id='word_1_232' title='bbox 263 2929 330 2997; x_wconf 81' lang='lat'>274</span> <span class='ocrx_word' id='word_1_233' title='bbox 345 2950 393 3016; x_wconf 89' lang='lat' dir='ltr'>sq.</span> <span class='ocrx_word' id='word_1_234' title='bbox 408 2928 493 2994; x_wconf 89' lang='lat' dir='ltr'>haec</span> <span class='ocrx_word' id='word_1_235' title='bbox 509 2927 652 2994; x_wconf 89' lang='lat' dir='ltr'>adnotat</span> <span class='ocrx_word' id='word_1_236' title='bbox 667 2928 861 2995; x_wconf 87' lang='lat' dir='ltr'>‘Menander</span> <span class='ocrx_word' id='word_1_237' title='bbox 875 2929 960 2994; x_wconf 88' lang='lat' dir='ltr'>mori</span> <span class='ocrx_word' id='word_1_238' title='bbox 973 2928 1067 2994; x_wconf 88' lang='lat' dir='ltr'>illum</span> <span class='ocrx_word' id='word_1_239' title='bbox 1083 2929 1230 2996; x_wconf 90' lang='lat' dir='ltr'>uoluisse</span> <span class='ocrx_word' id='word_1_240' title='bbox 1245 2928 1353 3012; x_wconf 85' lang='lat' dir='ltr'>fingit,</span> <span class='ocrx_word' id='word_1_241' title='bbox 1371 2928 1547 2995; x_wconf 82' lang='lat' dir='ltr'>Terentius</span> 
     </span>
     <span class='ocr_line' id='line_1_27' title="bbox 262 3025 1547 3112; baseline -0.002 -19"><span class='ocrx_word' id='word_1_242' title='bbox 262 3028 395 3111; x_wconf 72' lang='lat' dir='ltr'>lugere?</span> <span class='ocrx_word' id='word_1_243' title='bbox 448 3028 560 3112; x_wconf 86' lang='lat' dir='ltr'>Atque</span> <span class='ocrx_word' id='word_1_244' title='bbox 598 3026 702 3092; x_wconf 88' lang='lat' dir='ltr'>etiam</span> <span class='ocrx_word' id='word_1_245' title='bbox 738 3027 773 3092; x_wconf 92' lang='lat' dir='ltr'>in</span> <span class='ocrx_word' id='word_1_246' title='bbox 803 3025 916 3092; x_wconf 88' lang='lat' dir='ltr'>Plauti</span> <span class='ocrx_word' id='word_1_247' title='bbox 946 3025 1111 3093; x_wconf 89' lang='lat' dir='ltr'>Pseudolo</span> <span class='ocrx_word' id='word_1_248' title='bbox 1148 3026 1319 3094; x_wconf 79' lang='lat' dir='ltr'>Calidorus</span> <span class='ocrx_word' id='word_1_249' title='bbox 1350 3025 1547 3093; x_wconf 90' lang='lat' dir='ltr'>adulescens</span> 
     </span>
     <span class='ocr_line' id='line_1_28' title="bbox 264 3123 1283 3192; baseline 0.001 -2"><span class='ocrx_word' id='word_1_250' title='bbox 264 3126 390 3190; x_wconf 88' lang='lat' dir='ltr'>amisse</span> <span class='ocrx_word' id='word_1_251' title='bbox 413 3124 522 3190; x_wconf 92' lang='lat' dir='ltr'>amica</span> <span class='ocrx_word' id='word_1_252' title='bbox 544 3127 685 3190; x_wconf 91' lang='lat' dir='ltr'>mortem</span> <span class='ocrx_word' id='word_1_253' title='bbox 709 3125 773 3191; x_wconf 88' lang='lat' dir='ltr'>sibi</span> <span class='ocrx_word' id='word_1_254' title='bbox 797 3123 1000 3190; x_wconf 89' lang='lat' dir='ltr'>consciscere</span> <span class='ocrx_word' id='word_1_255' title='bbox 1025 3126 1139 3191; x_wconf 87' lang='lat' dir='ltr'>studet</span> <span class='ocrx_word' id='word_1_256' title='bbox 1162 3147 1193 3190; x_wconf 92' lang='grc'>1.</span> <span class='ocrx_word' id='word_1_257' title='bbox 1218 3125 1283 3192; x_wconf 86' lang='grc'>349</span> 
     </span>
     <span class='ocr_line' id='line_1_29' title="bbox 263 3235 1545 3329; baseline -0.002 -22"><span class='ocrx_word' id='word_1_258' title='bbox 263 3240 316 3307; x_wconf 82' lang='lat' dir='ltr'>‘ni</span> <span class='ocrx_word' id='word_1_259' title='bbox 339 3238 486 3322; x_wconf 82' lang='lat' dir='ltr'>gladium</span> <span class='ocrx_word' id='word_1_260' title='bbox 509 3239 604 3305; x_wconf 84' lang='lat' dir='ltr'>adfer</span> <span class='ocrx_word' id='word_1_261' title='bbox 618 3235 663 3326; x_wconf 67' lang='lat' dir='ltr'>=ll=</span> <span class='ocrx_word' id='word_1_262' title='bbox 678 3238 763 3320; x_wconf 79' lang='lat' dir='ltr'>Quid</span> <span class='ocrx_word' id='word_1_263' title='bbox 788 3236 924 3328; x_wconf 84' lang='lat' dir='ltr'>opus&lt;t)</span> <span class='ocrx_word' id='word_1_264' title='bbox 947 3238 1084 3322; x_wconf 80' lang='lat' dir='ltr'>gladio?</span> <span class='ocrx_word' id='word_1_265' title='bbox 1099 3238 1143 3327; x_wconf 48' lang='lat' dir='ltr'>dd:</span> <span class='ocrx_word' id='word_1_266' title='bbox 1160 3239 1224 3321; x_wconf 79' lang='lat' dir='ltr'>Qui</span> <span class='ocrx_word' id='word_1_267' title='bbox 1246 3237 1347 3329; x_wconf 81' lang='lat' dir='ltr'>&lt;et&gt;¹)</span> <span class='ocrx_word' id='word_1_268' title='bbox 1375 3239 1465 3305; x_wconf 91' lang='lat' dir='ltr'>hunc</span> <span class='ocrx_word' id='word_1_269' title='bbox 1488 3258 1545 3304; x_wconf 92' lang='lat' dir='ltr'>oc-</span> 
     </span>
    </p>

    <p class='ocr_par' dir='ltr' id='par_1_4' title="bbox 1110 3337 1440 3424">
     <span class='ocr_line' id='line_1_30' title="bbox 1110 3337 1440 3424; baseline -0.006 -20"><span class='ocrx_word' id='word_1_270' title='bbox 1110 3337 1216 3404; x_wconf 92' lang='lat' dir='ltr'>cidam</span> <span class='ocrx_word' id='word_1_271' title='bbox 1242 3341 1344 3424; x_wconf 92' lang='lat' dir='ltr'>atque</span> <span class='ocrx_word' id='word_1_272' title='bbox 1366 3341 1440 3403; x_wconf 72' lang='lat' dir='ltr'>me?</span> 
     </span>
    </p>

    <p class='ocr_par' dir='ltr' id='par_1_5' title="bbox 262 3432 1545 3815">
     <span class='ocr_line' id='line_1_31' title="bbox 262 3432 1545 3521; baseline 0 -22"><span class='ocrx_word' id='word_1_273' title='bbox 262 3433 379 3521; x_wconf 93' lang='lat' dir='ltr'>Neque</span> <span class='ocrx_word' id='word_1_274' title='bbox 410 3432 511 3500; x_wconf 87' lang='lat' dir='ltr'>aliam</span> <span class='ocrx_word' id='word_1_275' title='bbox 539 3436 641 3519; x_wconf 90' lang='lat' dir='ltr'>atque</span> <span class='ocrx_word' id='word_1_276' title='bbox 669 3434 721 3498; x_wconf 89' lang='lat' dir='ltr'>his</span> <span class='ocrx_word' id='word_1_277' title='bbox 753 3432 1025 3501; x_wconf 88' lang='lat' dir='ltr'>adulescentibus</span> <span class='ocrx_word' id='word_1_278' title='bbox 1056 3435 1162 3502; x_wconf 84' lang='lat' dir='ltr'>fuisse</span> <span class='ocrx_word' id='word_1_279' title='bbox 1191 3434 1364 3502; x_wconf 91' lang='lat' dir='ltr'>Polemoni</span> <span class='ocrx_word' id='word_1_280' title='bbox 1399 3454 1545 3518; x_wconf 87' lang='lat' dir='ltr'>causam,</span> 
     </span>
     <span class='ocr_line' id='line_1_32' title="bbox 265 3531 1545 3620; baseline 0 -23"><span class='ocrx_word' id='word_1_281' title='bbox 265 3554 331 3619; x_wconf 89' lang='lat' dir='ltr'>qua</span> <span class='ocrx_word' id='word_1_282' title='bbox 355 3552 459 3598; x_wconf 89' lang='lat' dir='ltr'>causa</span> <span class='ocrx_word' id='word_1_283' title='bbox 488 3534 528 3597; x_wconf 91' lang='grc'>11</span> <span class='ocrx_word' id='word_1_284' title='bbox 550 3535 692 3598; x_wconf 92' lang='lat' dir='ltr'>mortem</span> <span class='ocrx_word' id='word_1_285' title='bbox 715 3531 778 3598; x_wconf 89' lang='lat' dir='ltr'>sibi</span> <span class='ocrx_word' id='word_1_286' title='bbox 802 3534 1005 3599; x_wconf 88' lang='lat' dir='ltr'>consciscere</span> <span class='ocrx_word' id='word_1_287' title='bbox 1037 3534 1257 3600; x_wconf 88' lang='lat' dir='ltr'>constitueret</span> <span class='ocrx_word' id='word_1_288' title='bbox 1287 3534 1545 3620; x_wconf 90' lang='lat' dir='ltr'>permoneretur,</span> 
     </span>
     <span class='ocr_line' id='line_1_33' title="bbox 265 3629 1545 3717; baseline 0 -21"><span class='ocrx_word' id='word_1_289' title='bbox 265 3633 299 3696; x_wconf 90' lang='lat' dir='ltr'>et</span> <span class='ocrx_word' id='word_1_290' title='bbox 323 3651 440 3717; x_wconf 90' lang='lat' dir='ltr'>perse</span> <span class='ocrx_word' id='word_1_291' title='bbox 471 3635 522 3696; x_wconf 90' lang='lat' dir='ltr'>est</span> <span class='ocrx_word' id='word_1_292' title='bbox 545 3629 717 3716; x_wconf 90' lang='lat' dir='ltr'>probabile</span> <span class='ocrx_word' id='word_1_293' title='bbox 748 3633 784 3696; x_wconf 91' lang='lat' dir='ltr'>et</span> <span class='ocrx_word' id='word_1_294' title='bbox 815 3631 927 3696; x_wconf 89' lang='lat' dir='ltr'>exeis</span> <span class='ocrx_word' id='word_1_295' title='bbox 959 3652 1045 3717; x_wconf 92' lang='lat' dir='ltr'>quae</span> <span class='ocrx_word' id='word_1_296' title='bbox 1070 3634 1163 3697; x_wconf 90' lang='lat' dir='ltr'>carta</span> <span class='ocrx_word' id='word_1_297' title='bbox 1186 3634 1366 3696; x_wconf 90' lang='lat' dir='ltr'>seruantur</span> <span class='ocrx_word' id='word_1_298' title='bbox 1395 3629 1545 3696; x_wconf 83' lang='lat' dir='ltr'>efficitur.</span> 
     </span>
     <span class='ocr_line' id='line_1_34' title="bbox 263 3726 726 3815; baseline -0.002 -20"><span class='ocrx_word' id='word_1_299' title='bbox 263 3726 457 3815; x_wconf 89' lang='lat' dir='ltr'>Respondet</span> <span class='ocrx_word' id='word_1_300' title='bbox 480 3728 568 3794; x_wconf 92' lang='lat' dir='ltr'>enim</span> <span class='ocrx_word' id='word_1_301' title='bbox 591 3727 726 3794; x_wconf 91' lang='lat' dir='ltr'>Polemo</span> 
     </span>
    </p>
   </div>
   <div class='ocr_carea' id='block_1_4' title="bbox 266 3841 1549 4154">
    <p class='ocr_par' dir='ltr' id='par_1_6' title="bbox 266 3841 1549 4154">
     <span class='ocr_line' id='line_1_35' title="bbox 545 3841 1261 3933; baseline 0.001 -25"><span class='ocrx_word' id='word_1_302' title='bbox 545 3845 623 3909; x_wconf 80' lang='grc' dir='ltr'><em>ἀλλὰ</em></span> <span class='ocrx_word' id='word_1_303' title='bbox 647 3847 676 3908; x_wconf 87' lang='grc' dir='ltr'>τί</span> <span class='ocrx_word' id='word_1_304' title='bbox 696 3841 832 3933; x_wconf 82' lang='grc' dir='ltr'>[π]οήσω</span> <span class='ocrx_word' id='word_1_305' title='bbox 855 3847 964 3929; x_wconf 83' lang='grc' dir='ltr'><em>Δωρί;</em></span> <span class='ocrx_word' id='word_1_306' title='bbox 986 3852 1058 3919; x_wconf 77' lang='grc' dir='ltr'>πῶς</span> <span class='ocrx_word' id='word_1_307' title='bbox 1080 3842 1261 3933; x_wconf 78' lang='grc' dir='ltr'>βιώ[σομ11]</span> 
     </span>
     <span class='ocr_line' id='line_1_36' title="bbox 545 3949 1224 4041; baseline 0 -25"><span class='ocrx_word' id='word_1_308' title='bbox 545 3953 564 4016; x_wconf 83' lang='lat' dir='ltr'>d</span> <span class='ocrx_word' id='word_1_309' title='bbox 586 3953 873 4035; x_wconf 80' lang='grc' dir='ltr'><strong><em>τρισκακοδαίμων,</em></strong></span> <span class='ocrx_word' id='word_1_310' title='bbox 896 3954 996 4037; x_wconf 81' lang='grc' dir='ltr'><em>χωρὶς</em></span> <span class='ocrx_word' id='word_1_311' title='bbox 1019 3949 1089 4041; x_wconf 83' lang='grc' dir='ltr'>ὢ[ν]</span> <span class='ocrx_word' id='word_1_312' title='bbox 1113 3990 1158 3998; x_wconf 96' lang='grc'><strong>-</strong></span> <span class='ocrx_word' id='word_1_313' title='bbox 1179 3990 1224 3998; x_wconf 96' lang='grc'><strong>-</strong></span> 
     </span>
     <span class='ocr_line' id='line_1_37' title="bbox 266 4064 1549 4154; baseline 0 -24"><span class='ocrx_word' id='word_1_314' title='bbox 266 4064 391 4145; x_wconf 81' lang='lat' dir='ltr'>Quodsi</span> <span class='ocrx_word' id='word_1_315' title='bbox 417 4065 531 4132; x_wconf 86' lang='lat' dir='ltr'>uiuere</span> <span class='ocrx_word' id='word_1_316' title='bbox 563 4068 634 4132; x_wconf 89' lang='lat' dir='ltr'>sine</span> <span class='ocrx_word' id='word_1_317' title='bbox 666 4067 777 4154; x_wconf 87' lang='lat' dir='ltr'>aliquo</span> <span class='ocrx_word' id='word_1_318' title='bbox 808 4068 942 4134; x_wconf 92' lang='lat' dir='ltr'>homine</span> <span class='ocrx_word' id='word_1_319' title='bbox 966 4089 1040 4134; x_wconf 90' lang='lat' dir='ltr'>sese</span> <span class='ocrx_word' id='word_1_320' title='bbox 1070 4088 1169 4153; x_wconf 90' lang='lat' dir='ltr'>posse</span> <span class='ocrx_word' id='word_1_321' title='bbox 1199 4069 1310 4150; x_wconf 86' lang='lat' dir='ltr'>negat,</span> <span class='ocrx_word' id='word_1_322' title='bbox 1337 4066 1377 4132; x_wconf 91' lang='lat' dir='ltr'>de</span> <span class='ocrx_word' id='word_1_323' title='bbox 1401 4084 1549 4152; x_wconf 90' lang='lat' dir='ltr'>quonam</span> 
     </span>
    </p>
   </div>
   <div class='ocr_carea' id='block_1_5' title="bbox 265 4162 1550 4350">
    <p class='ocr_par' dir='ltr' id='par_1_7' title="bbox 265 4162 1550 4350">
     <span class='ocr_line' id='line_1_38' title="bbox 266 4162 1550 4251; baseline -0.001 -22"><span class='ocrx_word' id='word_1_324' title='bbox 266 4184 343 4229; x_wconf 91' lang='lat' dir='ltr'>eum</span> <span class='ocrx_word' id='word_1_325' title='bbox 367 4165 512 4247; x_wconf 92' lang='lat' dir='ltr'>cogitare</span> <span class='ocrx_word' id='word_1_326' title='bbox 528 4165 726 4231; x_wconf 90' lang='lat' dir='ltr'>arbitremur</span> <span class='ocrx_word' id='word_1_327' title='bbox 749 4165 814 4231; x_wconf 90' lang='lat' dir='ltr'>nisi</span> <span class='ocrx_word' id='word_1_328' title='bbox 830 4165 870 4231; x_wconf 95' lang='lat' dir='ltr'>de</span> <span class='ocrx_word' id='word_1_329' title='bbox 893 4165 1087 4231; x_wconf 87' lang='lat' dir='ltr'>muliercula</span> <span class='ocrx_word' id='word_1_330' title='bbox 1110 4166 1256 4251; x_wconf 90' lang='lat' dir='ltr'>quadarn</span> <span class='ocrx_word' id='word_1_331' title='bbox 1273 4166 1398 4247; x_wconf 85' lang='lat' dir='ltr'>emata,</span> <span class='ocrx_word' id='word_1_332' title='bbox 1424 4162 1550 4229; x_wconf 87' lang='lat' dir='ltr'>scilicet</span> 
     </span>
     <span class='ocr_line' id='line_1_39' title="bbox 265 4259 1492 4350; baseline 0 -23"><span class='ocrx_word' id='word_1_333' title='bbox 265 4259 307 4327; x_wconf 92' lang='lat' dir='ltr'>de</span> <span class='ocrx_word' id='word_1_334' title='bbox 331 4281 372 4327; x_wconf 88' lang='lat' dir='ltr'>ee</span> <span class='ocrx_word' id='word_1_335' title='bbox 395 4282 538 4348; x_wconf 91' lang='lat' dir='ltr'>quacum</span> <span class='ocrx_word' id='word_1_336' title='bbox 561 4261 648 4328; x_wconf 85' lang='lat' dir='ltr'>infra</span> <span class='ocrx_word' id='word_1_337' title='bbox 670 4285 701 4328; x_wconf 93' lang='lat' dir='ltr'>u.</span> <span class='ocrx_word' id='word_1_338' title='bbox 726 4263 769 4328; x_wconf 83' lang='lat'>38</span> <span class='ocrx_word' id='word_1_339' title='bbox 793 4285 839 4350; x_wconf 90' lang='lat' dir='ltr'>sq.</span> <span class='ocrx_word' id='word_1_340' title='bbox 862 4262 1019 4346; x_wconf 89' lang='lat' dir='ltr'>legitimis</span> <span class='ocrx_word' id='word_1_341' title='bbox 1047 4263 1257 4346; x_wconf 89' lang='lat' dir='ltr'>coniungitur</span> <span class='ocrx_word' id='word_1_342' title='bbox 1279 4261 1433 4348; x_wconf 80' lang='lat' dir='ltr'>nuptiis?</span> <span class='ocrx_word' id='word_1_343' title='bbox 1477 4260 1492 4338; x_wconf 84' lang='lat' dir='ltr'>I</span> 
     </span>
    </p>
   </div>
   <div class='ocr_carea' id='block_1_6' title="bbox 265 4473 1547 4790">
    <p class='ocr_par' dir='ltr' id='par_1_8' title="bbox 265 4473 1547 4790">
     <span class='ocr_line' id='line_1_40' title="bbox 373 4473 1547 4548; baseline 0 -18"><span class='ocrx_word' id='word_1_344' title='bbox 373 4473 393 4544; x_wconf 84' lang='lat'>²)</span> <span class='ocrx_word' id='word_1_345' title='bbox 413 4475 491 4543; x_wconf 84' lang='lat' dir='ltr'>Quae</span> <span class='ocrx_word' id='word_1_346' title='bbox 516 4475 678 4530; x_wconf 86' lang='lat' dir='ltr'>coniectura</span> <span class='ocrx_word' id='word_1_347' title='bbox 701 4476 836 4532; x_wconf 87' lang='lat' dir='ltr'>maiorem</span> <span class='ocrx_word' id='word_1_348' title='bbox 853 4475 974 4531; x_wconf 77' lang='lat' dir='ltr'>forsitan</span> <span class='ocrx_word' id='word_1_349' title='bbox 997 4492 1065 4548; x_wconf 85' lang='lat' dir='ltr'>pree</span> <span class='ocrx_word' id='word_1_350' title='bbox 1089 4493 1120 4531; x_wconf 87' lang='lat' dir='ltr'>se</span> <span class='ocrx_word' id='word_1_351' title='bbox 1144 4475 1220 4531; x_wconf 86' lang='lat' dir='ltr'>ierat</span> <span class='ocrx_word' id='word_1_352' title='bbox 1245 4475 1304 4530; x_wconf 89' lang='lat' dir='ltr'>ueri</span> <span class='ocrx_word' id='word_1_353' title='bbox 1318 4474 1443 4547; x_wconf 85' lang='lat' dir='ltr'>speciem</span> <span class='ocrx_word' id='word_1_354' title='bbox 1461 4489 1547 4544; x_wconf 85' lang='lat' dir='ltr'>quarn</span> 
     </span>
     <span class='ocr_line' id='line_1_41' title="bbox 265 4553 1445 4664; baseline 0.002 -56"><span class='ocrx_word' id='word_1_355' title='bbox 265 4553 388 4609; x_wconf 88' lang='lat' dir='ltr'>uirorum</span> <span class='ocrx_word' id='word_1_356' title='bbox 407 4554 554 4610; x_wconf 89' lang='lat' dir='ltr'>doctorum</span> <span class='ocrx_word' id='word_1_357' title='bbox 573 4555 761 4622; x_wconf 87' lang='lat' dir='ltr'>coniecturae,</span> <span class='ocrx_word' id='word_1_358' title='bbox 782 4555 819 4612; x_wconf 86' lang='lat' dir='ltr'>cf.</span> <span class='ocrx_word' id='word_1_359' title='bbox 838 4555 932 4612; x_wconf 85' lang='lat' dir='ltr'>Plaut</span> <span class='ocrx_word' id='word_1_360' title='bbox 951 4556 1036 4612; x_wconf 84' lang='lat' dir='ltr'>Most.</span> <span class='ocrx_word' id='word_1_361' title='bbox 1054 4556 1108 4611; x_wconf 89' lang='lat'>813</span> <span class='ocrx_word' id='word_1_362' title='bbox 1127 4572 1181 4627; x_wconf 82' lang='lat' dir='ltr'>sq:</span> <span class='ocrx_word' id='word_1_363' title='bbox 1285 4633 1302 4654; x_wconf 44' lang='grc' dir='ltr'>μ</span> <span class='ocrx_word' id='word_1_364' title='bbox 1440 4651 1445 4664; x_wconf 35' lang='grc'>1</span> 
     </span>
     <span class='ocr_line' id='line_1_42' title="bbox 425 4635 1447 4790; baseline 0.001 -22"><span class='ocrx_word' id='word_1_365' title='bbox 425 4714 463 4769; x_wconf 78' lang='lat' dir='ltr'>Et</span> <span class='ocrx_word' id='word_1_366' title='bbox 481 4715 553 4770; x_wconf 86' lang='lat' dir='ltr'>bene</span> <span class='ocrx_word' id='word_1_367' title='bbox 571 4714 803 4790; x_wconf 74' lang='lat' dir='ltr'>monitumduco</span> <span class='ocrx_word' id='word_1_368' title='bbox 822 4717 909 4785; x_wconf 88' lang='lat' dir='ltr'>atque</span> <span class='ocrx_word' id='word_1_369' title='bbox 928 4713 1022 4788; x_wconf 84' lang='lat' dir='ltr'>(es&gt;se</span> <span class='ocrx_word' id='word_1_370' title='bbox 1040 4716 1180 4771; x_wconf 87' lang='lat' dir='ltr'>existumo</span> <span class='ocrx_word' id='word_1_371' title='bbox 1199 4652 1324 4770; x_wconf 61' lang='lat' dir='ltr'>burrranll1</span> <span class='ocrx_word' id='word_1_372' title='bbox 1324 4635 1447 4784; x_wconf 55' lang='lat' dir='ltr'>llllglrlrlf</span> 
     </span>
    </p>
   </div>
   <div class='ocr_carea' id='block_1_7' title="bbox 0 0 1737 5134">
    <p class='ocr_par' dir='ltr' id='par_1_9' title="bbox 0 0 1737 5134">
     <span class='ocr_line' id='line_1_43' title="bbox 0 0 1737 5134; baseline 0 0"><span class='ocrx_word' id='word_1_373' title='bbox 0 0 1737 5134; x_wconf 95' lang='lat' dir='ltr'> </span> 
     </span>
    </p>
   </div>
  </div>
 </body>
</html>
