<?xml version="1.0" encoding="UTF-8"?>
<!DOCTYPE html PUBLIC "-//W3C//DTD XHTML 1.0 Transitional//EN"
    "http://www.w3.org/TR/xhtml1/DTD/xhtml1-transitional.dtd">
<html xmlns="http://www.w3.org/1999/xhtml" xml:lang="en" lang="en">
 <head>
  <title>
</title>
<meta http-equiv="Content-Type" content="text/html;charset=utf-8" />
  <meta name='ocr-system' content='tesseract 3.04.00' />
  <meta name='ocr-capabilities' content='ocr_page ocr_carea ocr_par ocr_line ocrx_word'/>
</head>
<body>
  <div class='ocr_page' id='page_1' title='image "./demenandrireliq00kretgoog_0023.png"; bbox 0 0 3442 5130; ppageno 0'>
   <div class='ocr_carea' id='block_1_1' title="bbox 797 337 1018 400">
    <p class='ocr_par' dir='ltr' id='par_1_1' title="bbox 797 337 1018 400">
     <span class='ocr_line' id='line_1_1' title="bbox 797 337 1018 400; baseline -0.005 -17"><span class='ocrx_word' id='word_1_1' title='bbox 797 337 1018 400; x_wconf 76' lang='lat' dir='ltr'>-1g..</span> 
     </span>
    </p>
   </div>
   <div class='ocr_carea' id='block_1_2' title="bbox 267 514 1551 3576">
    <p class='ocr_par' dir='ltr' id='par_1_2' title="bbox 267 514 1551 3576">
     <span class='ocr_line' id='line_1_2' title="bbox 799 514 1282 599; baseline 0.006 -22"><span class='ocrx_word' id='word_1_2' title='bbox 799 515 905 597; x_wconf 84' lang='grc' dir='ltr'><em>ὤιμην</em></span> <span class='ocrx_word' id='word_1_3' title='bbox 928 516 957 578; x_wconf 81' lang='grc' dir='ltr'>εἰ</span> <span class='ocrx_word' id='word_1_4' title='bbox 977 514 1012 578; x_wconf 90' lang='grc' dir='ltr'>τὸ</span> <span class='ocrx_word' id='word_1_5' title='bbox 1036 517 1167 597; x_wconf 88' lang='grc' dir='ltr'><strong><em>χρυσίον</em></strong></span> <span class='ocrx_word' id='word_1_6' title='bbox 1190 517 1282 599; x_wconf 76' lang='grc' dir='ltr'><strong><em>λάβοι</em></strong></span> 
     </span>
     <span class='ocr_line' id='line_1_3' title="bbox 537 612 1284 698; baseline 0.003 -22"><span class='ocrx_word' id='word_1_7' title='bbox 537 614 555 676; x_wconf 88' lang='grc' dir='ltr'>ὁ</span> <span class='ocrx_word' id='word_1_8' title='bbox 579 613 692 696; x_wconf 82' lang='grc' dir='ltr'><strong><em>γέρων,</em></strong></span> <span class='ocrx_word' id='word_1_9' title='bbox 716 613 915 693; x_wconf 72' lang='grc' dir='ltr'><strong><em>θεράπαιναν</em></strong></span> <span class='ocrx_word' id='word_1_10' title='bbox 939 612 1038 683; x_wconf 80' lang='grc' dir='ltr'><strong><em>εὐθὺς</em></strong></span> <span class='ocrx_word' id='word_1_11' title='bbox 1060 614 1284 698; x_wconf 82' lang='grc' dir='ltr'><strong><em>ἠγορασμένην</em></strong></span> 
     </span>
     <span class='ocr_line' id='line_1_4' title="bbox 536 710 791 794; baseline -0.008 -20"><span class='ocrx_word' id='word_1_12' title='bbox 536 712 640 794; x_wconf 81' lang='grc' dir='ltr'><em>ἅβραν</em></span> <span class='ocrx_word' id='word_1_13' title='bbox 664 710 791 774; x_wconf 82' lang='grc' dir='ltr'><strong><em>ἔσεσθαι</em></strong></span> 
     </span>
     <span class='ocr_line' id='line_1_5' title="bbox 269 815 817 902; baseline -0.005 -19"><span class='ocrx_word' id='word_1_14' title='bbox 269 820 304 884; x_wconf 91' lang='lat' dir='ltr'>et</span> <span class='ocrx_word' id='word_1_15' title='bbox 326 816 363 884; x_wconf 84' lang='lat' dir='ltr'>fr.</span> <span class='ocrx_word' id='word_1_16' title='bbox 379 816 446 883; x_wconf 85' lang='grc'>438</span> <span class='ocrx_word' id='word_1_17' title='bbox 457 815 496 880; x_wconf 92' lang='grc' dir='ltr'>Κ.</span> <span class='ocrx_word' id='word_1_18' title='bbox 521 815 603 881; x_wconf 77' lang='lat' dir='ltr'>OAF</span> <span class='ocrx_word' id='word_1_19' title='bbox 626 815 670 880; x_wconf 90' lang='grc' dir='ltr'>ΠΙ</span> <span class='ocrx_word' id='word_1_20' title='bbox 692 837 722 902; x_wconf 90' lang='lat' dir='ltr'>p.</span> <span class='ocrx_word' id='word_1_21' title='bbox 743 815 817 882; x_wconf 78' lang='lat'>127:</span> 
     </span>
     <span class='ocr_line' id='line_1_6' title="bbox 826 924 1280 1008; baseline 0.004 -21"><span class='ocrx_word' id='word_1_22' title='bbox 826 925 929 1007; x_wconf 82' lang='grc' dir='ltr'><strong><em>ἅβραν</em></strong></span> <span class='ocrx_word' id='word_1_23' title='bbox 954 924 1014 1008; x_wconf 84' lang='grc' dir='ltr'>γὰρ</span> <span class='ocrx_word' id='word_1_24' title='bbox 1038 925 1280 1007; x_wconf 83' lang='grc' dir='ltr'><strong><em>ἀντωνούμενος</em></strong></span> 
     </span>
     <span class='ocr_line' id='line_1_7' title="bbox 537 1022 1279 1106; baseline 0.003 -21"><span class='ocrx_word' id='word_1_25' title='bbox 537 1024 713 1105; x_wconf 76' lang='grc' dir='ltr'><strong><em>ἐρωμένην,</em></strong></span> <span class='ocrx_word' id='word_1_26' title='bbox 737 1024 827 1104; x_wconf 84' lang='grc' dir='ltr'><strong><em>αύτῆι</em></strong></span> <span class='ocrx_word' id='word_1_27' title='bbox 849 1022 908 1104; x_wconf 87' lang='grc' dir='ltr'>μὲν</span> <span class='ocrx_word' id='word_1_28' title='bbox 933 1023 971 1085; x_wconf 84' lang='grc' dir='ltr'>οὐ</span> <span class='ocrx_word' id='word_1_29' title='bbox 994 1023 1162 1103; x_wconf 78' lang='grc' dir='ltr'><strong><em>παρέδωκ’</em></strong></span> <span class='ocrx_word' id='word_1_30' title='bbox 1189 1025 1279 1106; x_wconf 84' lang='grc' dir='ltr'><strong><em>ἐχειν,</em></strong></span> 
     </span>
     <span class='ocr_line' id='line_1_8' title="bbox 539 1120 1241 1204; baseline 0.001 -22"><span class='ocrx_word' id='word_1_31' title='bbox 539 1121 645 1202; x_wconf 80' lang='grc' dir='ltr'><strong><em>τρέφει</em></strong></span> <span class='ocrx_word' id='word_1_32' title='bbox 669 1120 703 1183; x_wconf 84' lang='grc' dir='ltr'>δὲ</span> <span class='ocrx_word' id='word_1_33' title='bbox 726 1121 835 1204; x_wconf 78' lang='grc' dir='ltr'><strong><em>χωρίς,</em></strong></span> <span class='ocrx_word' id='word_1_34' title='bbox 859 1121 906 1190; x_wconf 85' lang='grc' dir='ltr'><strong><em>ὡς</em></strong></span> <span class='ocrx_word' id='word_1_35' title='bbox 929 1120 1100 1203; x_wconf 74' lang='grc' dir='ltr'><strong><em>ἐλευθέραν</em></strong></span> <span class='ocrx_word' id='word_1_36' title='bbox 1122 1121 1241 1203; x_wconf 84' lang='grc' dir='ltr'><strong><em>πρέπει.</em></strong></span> 
     </span>
     <span class='ocr_line' id='line_1_9' title="bbox 268 1232 1549 1322; baseline 0.005 -22"><span class='ocrx_word' id='word_1_37' title='bbox 268 1237 317 1300; x_wconf 88' lang='lat' dir='ltr'>Ac</span> <span class='ocrx_word' id='word_1_38' title='bbox 352 1234 392 1300; x_wconf 89' lang='lat' dir='ltr'>de</span> <span class='ocrx_word' id='word_1_39' title='bbox 426 1232 526 1299; x_wconf 91' lang='lat' dir='ltr'>huius</span> <span class='ocrx_word' id='word_1_40' title='bbox 565 1234 658 1298; x_wconf 91' lang='lat' dir='ltr'>uocis</span> <span class='ocrx_word' id='word_1_41' title='bbox 698 1233 942 1316; x_wconf 76' lang='lat' dir='ltr'>significatione</span> <span class='ocrx_word' id='word_1_42' title='bbox 980 1232 1081 1300; x_wconf 91' lang='lat' dir='ltr'>uelim</span> <span class='ocrx_word' id='word_1_43' title='bbox 1118 1235 1269 1301; x_wconf 83' lang='lat' dir='ltr'>conferas</span> <span class='ocrx_word' id='word_1_44' title='bbox 1303 1235 1411 1322; x_wconf 81' lang='lat' dir='ltr'>lltym.</span> <span class='ocrx_word' id='word_1_45' title='bbox 1440 1236 1549 1320; x_wconf 87' lang='lat' dir='ltr'>Magn.</span> 
     </span>
     <span class='ocr_line' id='line_1_10' title="bbox 267 1332 1547 1418; baseline 0.003 -21"><span class='ocrx_word' id='word_1_46' title='bbox 267 1332 298 1416; x_wconf 88' lang='lat'>4,</span> <span class='ocrx_word' id='word_1_47' title='bbox 308 1334 350 1397; x_wconf 85' lang='lat'>22</span> <span class='ocrx_word' id='word_1_48' title='bbox 374 1335 471 1417; x_wconf 76' lang='grc' dir='ltr'><strong><em>άβρατ</em></strong></span> <span class='ocrx_word' id='word_1_49' title='bbox 500 1333 614 1415; x_wconf 82' lang='grc' dir='ltr'><strong><em>ούτεὴ</em></strong></span> <span class='ocrx_word' id='word_1_50' title='bbox 643 1333 752 1403; x_wconf 79' lang='grc' dir='ltr'><strong><em>ἁπλῶς</em></strong></span> <span class='ocrx_word' id='word_1_51' title='bbox 780 1334 958 1416; x_wconf 88' lang='grc' dir='ltr'><strong><em>θεράπαινα</em></strong></span> <span class='ocrx_word' id='word_1_52' title='bbox 987 1336 1058 1397; x_wconf 81' lang='grc' dir='ltr'><strong><em>οὔτε</em></strong></span> <span class='ocrx_word' id='word_1_53' title='bbox 1081 1336 1100 1416; x_wconf 81' lang='grc' dir='ltr'><em>ἦ</em></span> <span class='ocrx_word' id='word_1_54' title='bbox 1130 1336 1295 1417; x_wconf 80' lang='grc' dir='ltr'><strong><em>εὔμορφος</em></strong></span> <span class='ocrx_word' id='word_1_55' title='bbox 1318 1337 1436 1418; x_wconf 81' lang='grc' dir='ltr'><strong><em>λέγεται</em></strong></span> <span class='ocrx_word' id='word_1_56' title='bbox 1453 1357 1459 1369; x_wconf 91' lang='grc'><em>·</em></span> <span class='ocrx_word' id='word_1_57' title='bbox 1476 1339 1547 1400; x_wconf 76' lang='grc' dir='ltr'>ἀλλ’</span> 
     </span>
     <span class='ocr_line' id='line_1_11' title="bbox 269 1427 1549 1518; baseline 0.002 -23"><span class='ocrx_word' id='word_1_58' title='bbox 269 1435 288 1515; x_wconf 82' lang='grc' dir='ltr'>ἡ</span> <span class='ocrx_word' id='word_1_59' title='bbox 302 1432 461 1514; x_wconf 82' lang='grc' dir='ltr'><strong><em>οἶκότριφ;</em></strong></span> <span class='ocrx_word' id='word_1_60' title='bbox 477 1427 618 1512; x_wconf 82' lang='lat' dir='ltr'>Bekker,</span> <span class='ocrx_word' id='word_1_61' title='bbox 632 1427 756 1495; x_wconf 83' lang='lat' dir='ltr'>Aneod.</span> <span class='ocrx_word' id='word_1_62' title='bbox 770 1429 846 1496; x_wconf 75' lang='lat' dir='ltr'>Grl</span> <span class='ocrx_word' id='word_1_63' title='bbox 858 1452 887 1515; x_wconf 90' lang='lat' dir='ltr'>p.</span> <span class='ocrx_word' id='word_1_64' title='bbox 897 1428 972 1512; x_wconf 82' lang='lat'>322,</span> <span class='ocrx_word' id='word_1_65' title='bbox 986 1429 1025 1493; x_wconf 82' lang='lat'>12</span> <span class='ocrx_word' id='word_1_66' title='bbox 1042 1433 1135 1514; x_wconf 80' lang='grc' dir='ltr'><strong><em>ἅβρα,</em></strong></span> <span class='ocrx_word' id='word_1_67' title='bbox 1159 1434 1178 1514; x_wconf 80' lang='grc' dir='ltr'>ἡ</span> <span class='ocrx_word' id='word_1_68' title='bbox 1196 1433 1374 1515; x_wconf 80' lang='grc' dir='ltr'><strong><em>σύντροφος</em></strong></span> <span class='ocrx_word' id='word_1_69' title='bbox 1393 1435 1447 1497; x_wconf 86' lang='grc' dir='ltr'>καὶ</span> <span class='ocrx_word' id='word_1_70' title='bbox 1461 1434 1549 1518; x_wconf 85' lang='grc' dir='ltr'><strong><em>παρὰ</em></strong></span> 
     </span>
     <span class='ocr_line' id='line_1_12' title="bbox 269 1525 1548 1615; baseline 0.002 -22"><span class='ocrx_word' id='word_1_71' title='bbox 269 1537 358 1613; x_wconf 89' lang='grc' dir='ltr'><strong><em>χεῖρα</em></strong></span> <span class='ocrx_word' id='word_1_72' title='bbox 381 1529 574 1611; x_wconf 86' lang='grc' dir='ltr'><strong><em>θεράπαινα;</em></strong></span> <span class='ocrx_word' id='word_1_73' title='bbox 606 1525 726 1592; x_wconf 84' lang='lat' dir='ltr'>Suidas</span> <span class='ocrx_word' id='word_1_74' title='bbox 751 1549 775 1593; x_wconf 97' lang='lat' dir='ltr'>s.</span> <span class='ocrx_word' id='word_1_75' title='bbox 791 1549 823 1592; x_wconf 93' lang='lat' dir='ltr'>u.</span> <span class='ocrx_word' id='word_1_76' title='bbox 847 1530 931 1611; x_wconf 82' lang='grc' dir='ltr'><strong><em>άβρα</em></strong></span> <span class='ocrx_word' id='word_1_77' title='bbox 947 1545 954 1559; x_wconf 88' lang='grc'><em>·</em></span> <span class='ocrx_word' id='word_1_78' title='bbox 971 1530 1043 1592; x_wconf 81' lang='grc' dir='ltr'><strong><em>οὔτε</em></strong></span> <span class='ocrx_word' id='word_1_79' title='bbox 1066 1531 1085 1612; x_wconf 81' lang='grc' dir='ltr'><em>ἡ</em></span> <span class='ocrx_word' id='word_1_80' title='bbox 1111 1530 1220 1600; x_wconf 80' lang='grc' dir='ltr'><strong><em>ἁπλῶς</em></strong></span> <span class='ocrx_word' id='word_1_81' title='bbox 1235 1530 1413 1611; x_wconf 88' lang='grc' dir='ltr'><strong><em>θεράπαινα</em></strong></span> <span class='ocrx_word' id='word_1_82' title='bbox 1434 1532 1548 1615; x_wconf 84' lang='grc' dir='ltr'><strong><em>ούτεὴ</em></strong></span> 
     </span>
     <span class='ocr_line' id='line_1_13' title="bbox 269 1627 1548 1712; baseline 0.002 -21"><span class='ocrx_word' id='word_1_83' title='bbox 269 1629 436 1710; x_wconf 77' lang='grc' dir='ltr'><strong><em>εὔμορφος</em></strong></span> <span class='ocrx_word' id='word_1_84' title='bbox 462 1627 641 1707; x_wconf 86' lang='grc' dir='ltr'><strong><em>θεράπαινα</em></strong></span> <span class='ocrx_word' id='word_1_85' title='bbox 665 1627 792 1710; x_wconf 76' lang='grc' dir='ltr'><strong><em>λέγεται,</em></strong></span> <span class='ocrx_word' id='word_1_86' title='bbox 825 1627 891 1689; x_wconf 76' lang='grc' dir='ltr'>ἀλλ’</span> <span class='ocrx_word' id='word_1_87' title='bbox 918 1627 1065 1709; x_wconf 81' lang='grc' dir='ltr'><strong><em>οἰκότριψ</em></strong></span> <span class='ocrx_word' id='word_1_88' title='bbox 1081 1628 1230 1709; x_wconf 85' lang='grc' dir='ltr'><strong><em>γυναικὸς</em></strong></span> <span class='ocrx_word' id='word_1_89' title='bbox 1245 1629 1327 1711; x_wconf 85' lang='grc' dir='ltr'><strong><em>κόρη</em></strong></span> <span class='ocrx_word' id='word_1_90' title='bbox 1348 1629 1402 1692; x_wconf 82' lang='grc' dir='ltr'>καὶ</span> <span class='ocrx_word' id='word_1_91' title='bbox 1418 1631 1548 1712; x_wconf 79' lang='grc' dir='ltr'><strong><em>ἔντιμος,</em></strong></span> 
     </span>
     <span class='ocr_line' id='line_1_14' title="bbox 269 1721 1550 1808; baseline 0.002 -20"><span class='ocrx_word' id='word_1_92' title='bbox 269 1728 327 1789; x_wconf 86' lang='grc' dir='ltr'><strong><em>εἴτε</em></strong></span> <span class='ocrx_word' id='word_1_93' title='bbox 355 1724 519 1807; x_wconf 82' lang='grc' dir='ltr'><strong><em>οἰκογενὴς</em></strong></span> <span class='ocrx_word' id='word_1_94' title='bbox 550 1727 609 1787; x_wconf 89' lang='grc' dir='ltr'><strong><em>εἴτε</em></strong></span> <span class='ocrx_word' id='word_1_95' title='bbox 632 1726 688 1807; x_wconf 84' lang='grc' dir='ltr'>μή.</span> <span class='ocrx_word' id='word_1_96' title='bbox 735 1721 857 1788; x_wconf 83' lang='lat' dir='ltr'>Omnes</span> <span class='ocrx_word' id='word_1_97' title='bbox 891 1725 1004 1789; x_wconf 91' lang='lat' dir='ltr'>autem</span> <span class='ocrx_word' id='word_1_98' title='bbox 1036 1722 1156 1808; x_wconf 88' lang='lat' dir='ltr'>quibus</span> <span class='ocrx_word' id='word_1_99' title='bbox 1188 1745 1229 1789; x_wconf 92' lang='lat' dir='ltr'>ea</span> <span class='ocrx_word' id='word_1_100' title='bbox 1259 1745 1327 1790; x_wconf 87' lang='lat' dir='ltr'>uox</span> <span class='ocrx_word' id='word_1_101' title='bbox 1357 1725 1550 1792; x_wconf 85' lang='lat' dir='ltr'>inueniatur</span> 
     </span>
     <span class='ocr_line' id='line_1_15' title="bbox 269 1820 1549 1905; baseline 0.004 -20"><span class='ocrx_word' id='word_1_102' title='bbox 269 1821 392 1904; x_wconf 80' lang='lat' dir='ltr'>locos1)</span> <span class='ocrx_word' id='word_1_103' title='bbox 418 1833 611 1886; x_wconf 83' lang='lat' dir='ltr'>enumerare</span> <span class='ocrx_word' id='word_1_104' title='bbox 634 1820 771 1905; x_wconf 91' lang='lat' dir='ltr'>longum</span> <span class='ocrx_word' id='word_1_105' title='bbox 795 1824 859 1886; x_wconf 91' lang='lat' dir='ltr'>est:</span> <span class='ocrx_word' id='word_1_106' title='bbox 883 1821 946 1886; x_wconf 92' lang='lat' dir='ltr'>hoc</span> <span class='ocrx_word' id='word_1_107' title='bbox 967 1820 1051 1886; x_wconf 86' lang='lat' dir='ltr'>satis</span> <span class='ocrx_word' id='word_1_108' title='bbox 1075 1822 1128 1885; x_wconf 89' lang='lat' dir='ltr'>est</span> <span class='ocrx_word' id='word_1_109' title='bbox 1144 1841 1400 1888; x_wconf 89' lang='lat' dir='ltr'>commemorare</span> <span class='ocrx_word' id='word_1_110' title='bbox 1417 1822 1549 1889; x_wconf 85' lang='lat' dir='ltr'>differre</span> 
     </span>
     <span class='ocr_line' id='line_1_16' title="bbox 269 1916 1548 2005; baseline 0.001 -20"><span class='ocrx_word' id='word_1_111' title='bbox 269 1922 355 1985; x_wconf 87' lang='lat' dir='ltr'>inter</span> <span class='ocrx_word' id='word_1_112' title='bbox 386 1941 422 1985; x_wconf 90' lang='lat' dir='ltr'>se</span> <span class='ocrx_word' id='word_1_113' title='bbox 454 1921 489 1985; x_wconf 89' lang='lat' dir='ltr'>et</span> <span class='ocrx_word' id='word_1_114' title='bbox 519 1916 667 1984; x_wconf 90' lang='lat' dir='ltr'>codicum</span> <span class='ocrx_word' id='word_1_115' title='bbox 699 1920 880 2005; x_wconf 85' lang='lat' dir='ltr'>scripturas</span> <span class='ocrx_word' id='word_1_116' title='bbox 911 1922 946 1985; x_wconf 91' lang='lat' dir='ltr'>et</span> <span class='ocrx_word' id='word_1_117' title='bbox 977 1918 1166 1984; x_wconf 86' lang='lat' dir='ltr'>sententias</span> <span class='ocrx_word' id='word_1_118' title='bbox 1197 1918 1344 1986; x_wconf 88' lang='lat' dir='ltr'>uirorum</span> <span class='ocrx_word' id='word_1_119' title='bbox 1367 1919 1548 2004; x_wconf 88' lang='lat' dir='ltr'>doctorum,</span> 
     </span>
     <span class='ocr_line' id='line_1_17' title="bbox 270 2014 1549 2103; baseline 0.001 -21"><span class='ocrx_word' id='word_1_120' title='bbox 270 2017 358 2083; x_wconf 91' lang='lat' dir='ltr'>sitne</span> <span class='ocrx_word' id='word_1_121' title='bbox 381 2020 466 2102; x_wconf 83' lang='grc' dir='ltr'><strong><em>ἅβρα</em></strong></span> <span class='ocrx_word' id='word_1_122' title='bbox 490 2015 701 2082; x_wconf 86' lang='lat' dir='ltr'>scribendum</span> <span class='ocrx_word' id='word_1_123' title='bbox 725 2037 770 2082; x_wconf 89' lang='lat' dir='ltr'>an</span> <span class='ocrx_word' id='word_1_124' title='bbox 793 2020 886 2101; x_wconf 82' lang='grc' dir='ltr'><strong><em>ἅβρα.</em></strong></span> <span class='ocrx_word' id='word_1_125' title='bbox 917 2018 966 2082; x_wconf 85' lang='lat' dir='ltr'>Ac</span> <span class='ocrx_word' id='word_1_126' title='bbox 989 2037 1032 2080; x_wconf 91' lang='lat' dir='ltr'>ne</span> <span class='ocrx_word' id='word_1_127' title='bbox 1047 2014 1114 2080; x_wconf 85' lang='lat' dir='ltr'>Leo</span> <span class='ocrx_word' id='word_1_128' title='bbox 1131 2016 1244 2101; x_wconf 85' lang='lat' dir='ltr'>Meyer</span> <span class='ocrx_word' id='word_1_129' title='bbox 1267 2016 1400 2103; x_wconf 90' lang='lat' dir='ltr'>quidem</span> <span class='ocrx_word' id='word_1_130' title='bbox 1423 2016 1549 2100; x_wconf 83' lang='lat' dir='ltr'>(Hand-</span> 
     </span>
     <span class='ocr_line' id='line_1_18' title="bbox 270 2113 1550 2201; baseline 0 -21"><span class='ocrx_word' id='word_1_131' title='bbox 270 2115 358 2181; x_wconf 91' lang='lat' dir='ltr'>buch</span> <span class='ocrx_word' id='word_1_132' title='bbox 389 2114 418 2180; x_wconf 90' lang='lat' dir='ltr'>d.</span> <span class='ocrx_word' id='word_1_133' title='bbox 446 2113 564 2197; x_wconf 92' lang='lat' dir='ltr'>griech.</span> <span class='ocrx_word' id='word_1_134' title='bbox 595 2113 803 2201; x_wconf 79' lang='lat' dir='ltr'>Etymologie</span> <span class='ocrx_word' id='word_1_135' title='bbox 825 2115 885 2200; x_wconf 96' lang='lat' dir='ltr'>Ip.</span> <span class='ocrx_word' id='word_1_136' title='bbox 901 2115 973 2198; x_wconf 70' lang='lat'>132)</span> <span class='ocrx_word' id='word_1_137' title='bbox 1004 2135 1074 2180; x_wconf 89' lang='lat' dir='ltr'>rem</span> <span class='ocrx_word' id='word_1_138' title='bbox 1106 2113 1260 2180; x_wconf 85' lang='lat' dir='ltr'>absoluit.</span> <span class='ocrx_word' id='word_1_139' title='bbox 1313 2115 1429 2200; x_wconf 82' lang='lat' dir='ltr'>Neque</span> <span class='ocrx_word' id='word_1_140' title='bbox 1461 2115 1550 2180; x_wconf 90' lang='lat' dir='ltr'>enim</span> 
     </span>
     <span class='ocr_line' id='line_1_19' title="bbox 270 2209 1548 2299; baseline 0.001 -22"><span class='ocrx_word' id='word_1_141' title='bbox 270 2210 451 2299; x_wconf 88' lang='lat' dir='ltr'>quidquam</span> <span class='ocrx_word' id='word_1_142' title='bbox 488 2214 593 2295; x_wconf 88' lang='lat' dir='ltr'>agunt</span> <span class='ocrx_word' id='word_1_143' title='bbox 624 2212 681 2297; x_wconf 91' lang='lat' dir='ltr'>qui</span> <span class='ocrx_word' id='word_1_144' title='bbox 711 2211 775 2278; x_wconf 90' lang='lat' dir='ltr'>hoc</span> <span class='ocrx_word' id='word_1_145' title='bbox 809 2211 1012 2278; x_wconf 90' lang='lat' dir='ltr'>uocabulum</span> <span class='ocrx_word' id='word_1_146' title='bbox 1048 2209 1272 2298; x_wconf 83' lang='lat' dir='ltr'>compluribus</span> <span class='ocrx_word' id='word_1_147' title='bbox 1303 2211 1384 2278; x_wconf 92' lang='lat' dir='ltr'>locis</span> <span class='ocrx_word' id='word_1_148' title='bbox 1419 2214 1461 2280; x_wconf 85' lang='lat' dir='ltr'>ab</span> <span class='ocrx_word' id='word_1_149' title='bbox 1493 2213 1548 2278; x_wconf 93' lang='lat' dir='ltr'>illo</span> 
     </span>
     <span class='ocr_line' id='line_1_20' title="bbox 270 2307 1550 2396; baseline 0.004 -21"><span class='ocrx_word' id='word_1_150' title='bbox 270 2311 400 2396; x_wconf 87' lang='lat' dir='ltr'>scriptis</span> <span class='ocrx_word' id='word_1_151' title='bbox 423 2330 506 2374; x_wconf 88' lang='lat' dir='ltr'>uoce</span> <span class='ocrx_word' id='word_1_152' title='bbox 530 2307 696 2375; x_wconf 83' lang='lat' dir='ltr'>‘delicata&#39;</span> <span class='ocrx_word' id='word_1_153' title='bbox 720 2310 806 2376; x_wconf 86' lang='lat' dir='ltr'>uerti</span> <span class='ocrx_word' id='word_1_154' title='bbox 829 2311 931 2394; x_wconf 88' lang='lat' dir='ltr'>atque</span> <span class='ocrx_word' id='word_1_155' title='bbox 955 2310 998 2375; x_wconf 89' lang='lat' dir='ltr'>ab</span> <span class='ocrx_word' id='word_1_156' title='bbox 1028 2308 1144 2376; x_wconf 86' lang='lat' dir='ltr'>eadem</span> <span class='ocrx_word' id='word_1_157' title='bbox 1168 2310 1270 2396; x_wconf 80' lang='lat' dir='ltr'>stirpe</span> <span class='ocrx_word' id='word_1_158' title='bbox 1295 2308 1335 2376; x_wconf 93' lang='lat' dir='ltr'>de</span> <span class='ocrx_word' id='word_1_159' title='bbox 1359 2332 1426 2396; x_wconf 92' lang='lat' dir='ltr'>qua</span> <span class='ocrx_word' id='word_1_160' title='bbox 1449 2313 1550 2396; x_wconf 79' lang='grc' dir='ltr'><strong><em>ἁβρός</em></strong></span> 
     </span>
     <span class='ocr_line' id='line_1_21' title="bbox 270 2406 1550 2493; baseline 0.001 -20"><span class='ocrx_word' id='word_1_161' title='bbox 270 2406 469 2474; x_wconf 83' lang='lat' dir='ltr'>descendere</span> <span class='ocrx_word' id='word_1_162' title='bbox 494 2407 679 2493; x_wconf 82' lang='lat' dir='ltr'>opinentur.</span> <span class='ocrx_word' id='word_1_163' title='bbox 717 2407 805 2472; x_wconf 89' lang='lat' dir='ltr'>Nam</span> <span class='ocrx_word' id='word_1_164' title='bbox 828 2409 868 2472; x_wconf 90' lang='lat' dir='ltr'>ut</span> <span class='ocrx_word' id='word_1_165' title='bbox 890 2410 1022 2473; x_wconf 88' lang='lat' dir='ltr'>taceam</span> <span class='ocrx_word' id='word_1_166' title='bbox 1045 2406 1085 2472; x_wconf 93' lang='lat' dir='ltr'>de</span> <span class='ocrx_word' id='word_1_167' title='bbox 1108 2410 1240 2473; x_wconf 89' lang='lat' dir='ltr'>mutato</span> <span class='ocrx_word' id='word_1_168' title='bbox 1265 2412 1418 2474; x_wconf 87' lang='lat' dir='ltr'>accentu:</span> <span class='ocrx_word' id='word_1_169' title='bbox 1448 2409 1550 2475; x_wconf 87' lang='lat' dir='ltr'>etiam</span> 
     </span>
     <span class='ocr_line' id='line_1_22' title="bbox 270 2504 1550 2592; baseline 0 -22"><span class='ocrx_word' id='word_1_170' title='bbox 270 2506 298 2570; x_wconf 91' lang='lat' dir='ltr'>si</span> <span class='ocrx_word' id='word_1_171' title='bbox 313 2504 454 2570; x_wconf 87' lang='lat' dir='ltr'>Plautus</span> <span class='ocrx_word' id='word_1_172' title='bbox 479 2504 535 2571; x_wconf 86' lang='lat' dir='ltr'>alii</span> <span class='ocrx_word' id='word_1_173' title='bbox 550 2505 600 2570; x_wconf 89' lang='lat' dir='ltr'>ita</span> <span class='ocrx_word' id='word_1_174' title='bbox 615 2505 702 2571; x_wconf 90' lang='lat' dir='ltr'>hanc</span> <span class='ocrx_word' id='word_1_175' title='bbox 725 2526 842 2570; x_wconf 85' lang='lat' dir='ltr'>uocem</span> <span class='ocrx_word' id='word_1_176' title='bbox 858 2505 1069 2590; x_wconf 87' lang='lat' dir='ltr'>interpretati</span> <span class='ocrx_word' id='word_1_177' title='bbox 1092 2510 1215 2586; x_wconf 87' lang='lat' dir='ltr'>essent,</span> <span class='ocrx_word' id='word_1_178' title='bbox 1241 2506 1320 2592; x_wconf 90' lang='lat' dir='ltr'>quin</span> <span class='ocrx_word' id='word_1_179' title='bbox 1342 2507 1407 2592; x_wconf 91' lang='lat' dir='ltr'>ipsi</span> <span class='ocrx_word' id='word_1_180' title='bbox 1429 2507 1550 2572; x_wconf 89' lang='lat' dir='ltr'>iterum</span> 
     </span>
     <span class='ocr_line' id='line_1_23' title="bbox 270 2602 1551 2689; baseline -0.001 -20"><span class='ocrx_word' id='word_1_181' title='bbox 270 2624 340 2669; x_wconf 90' lang='lat' dir='ltr'>rem</span> <span class='ocrx_word' id='word_1_182' title='bbox 364 2602 621 2669; x_wconf 82' lang='lat' dir='ltr'>deliberaremus</span> <span class='ocrx_word' id='word_1_183' title='bbox 644 2602 754 2669; x_wconf 84' lang='lat' dir='ltr'>facere</span> <span class='ocrx_word' id='word_1_184' title='bbox 777 2624 845 2669; x_wconf 94' lang='lat' dir='ltr'>non</span> <span class='ocrx_word' id='word_1_185' title='bbox 861 2624 1045 2689; x_wconf 84' lang='lat' dir='ltr'>possemus,</span> <span class='ocrx_word' id='word_1_186' title='bbox 1070 2605 1228 2688; x_wconf 90' lang='lat' dir='ltr'>quoniam</span> <span class='ocrx_word' id='word_1_187' title='bbox 1251 2606 1384 2669; x_wconf 86' lang='lat' dir='ltr'>ueteres</span> <span class='ocrx_word' id='word_1_188' title='bbox 1407 2605 1469 2669; x_wconf 90' lang='lat' dir='ltr'>uiri</span> <span class='ocrx_word' id='word_1_189' title='bbox 1496 2603 1551 2670; x_wconf 88' lang='lat' dir='ltr'>uel</span> 
     </span>
     <span class='ocr_line' id='line_1_24' title="bbox 271 2698 1549 2789; baseline 0.001 -24"><span class='ocrx_word' id='word_1_190' title='bbox 271 2699 462 2785; x_wconf 84' lang='lat' dir='ltr'>doctissimi,</span> <span class='ocrx_word' id='word_1_191' title='bbox 488 2721 564 2766; x_wconf 91' lang='lat' dir='ltr'>cum</span> <span class='ocrx_word' id='word_1_192' title='bbox 587 2698 627 2765; x_wconf 88' lang='lat' dir='ltr'>de</span> <span class='ocrx_word' id='word_1_193' title='bbox 651 2721 772 2766; x_wconf 92' lang='lat' dir='ltr'>uocum</span> <span class='ocrx_word' id='word_1_194' title='bbox 796 2701 976 2784; x_wconf 86' lang='lat' dir='ltr'>originibus</span> <span class='ocrx_word' id='word_1_195' title='bbox 1000 2704 1207 2788; x_wconf 83' lang='lat' dir='ltr'>quaererent,</span> <span class='ocrx_word' id='word_1_196' title='bbox 1237 2703 1382 2786; x_wconf 84' lang='lat' dir='ltr'>quantas</span> <span class='ocrx_word' id='word_1_197' title='bbox 1404 2701 1549 2789; x_wconf 82' lang='lat' dir='ltr'>ineptias</span> 
     </span>
     <span class='ocr_line' id='line_1_25' title="bbox 269 2795 1549 2885; baseline 0.002 -23"><span class='ocrx_word' id='word_1_198' title='bbox 269 2798 467 2885; x_wconf 86' lang='lat' dir='ltr'>protulerint</span> <span class='ocrx_word' id='word_1_199' title='bbox 489 2818 587 2863; x_wconf 94' lang='lat' dir='ltr'>nemo</span> <span class='ocrx_word' id='word_1_200' title='bbox 611 2799 755 2882; x_wconf 52' lang='lat' dir='ltr'>nescitfl)</span> <span class='ocrx_word' id='word_1_201' title='bbox 801 2800 848 2865; x_wconf 86' lang='lat' dir='ltr'>At</span> <span class='ocrx_word' id='word_1_202' title='bbox 877 2798 954 2864; x_wconf 92' lang='lat' dir='ltr'>inde</span> <span class='ocrx_word' id='word_1_203' title='bbox 985 2795 1074 2885; x_wconf 92' lang='lat' dir='ltr'>quod</span> <span class='ocrx_word' id='word_1_204' title='bbox 1104 2796 1268 2863; x_wconf 89' lang='lat' dir='ltr'>Henricus</span> <span class='ocrx_word' id='word_1_205' title='bbox 1292 2798 1484 2884; x_wconf 84' lang='lat' dir='ltr'>Stephanus</span> <span class='ocrx_word' id='word_1_206' title='bbox 1514 2799 1549 2864; x_wconf 89' lang='lat' dir='ltr'>in</span> 
     </span>
     <span class='ocr_line' id='line_1_26' title="bbox 270 2894 1550 2983; baseline 0 -23"><span class='ocrx_word' id='word_1_207' title='bbox 270 2895 367 2960; x_wconf 81' lang='lat' dir='ltr'>Thes.</span> <span class='ocrx_word' id='word_1_208' title='bbox 396 2895 509 2962; x_wconf 84' lang='lat' dir='ltr'>Graec.</span> <span class='ocrx_word' id='word_1_209' title='bbox 536 2894 612 2979; x_wconf 91' lang='lat' dir='ltr'>ling.</span> <span class='ocrx_word' id='word_1_210' title='bbox 645 2919 669 2962; x_wconf 94' lang='lat' dir='ltr'>s.</span> <span class='ocrx_word' id='word_1_211' title='bbox 693 2918 724 2963; x_wconf 92' lang='lat' dir='ltr'>u.</span> <span class='ocrx_word' id='word_1_212' title='bbox 756 2901 839 2982; x_wconf 80' lang='grc' dir='ltr'><strong><em>ἅβρα</em></strong></span> <span class='ocrx_word' id='word_1_213' title='bbox 862 2900 886 2963; x_wconf 91' lang='lat' dir='ltr'>t.</span> <span class='ocrx_word' id='word_1_214' title='bbox 905 2897 954 2962; x_wconf 92' lang='lat' dir='ltr'>Il</span> <span class='ocrx_word' id='word_1_215' title='bbox 982 2918 1012 2982; x_wconf 91' lang='lat' dir='ltr'>p.</span> <span class='ocrx_word' id='word_1_216' title='bbox 1032 2895 1075 2962; x_wconf 80' lang='lat'>79</span> <span class='ocrx_word' id='word_1_217' title='bbox 1106 2895 1307 2960; x_wconf 87' lang='lat' dir='ltr'>incertorum</span> <span class='ocrx_word' id='word_1_218' title='bbox 1342 2895 1550 2983; x_wconf 85' lang='lat' dir='ltr'>quorundam</span> 
     </span>
     <span class='ocr_line' id='line_1_27' title="bbox 270 2992 1549 3080; baseline -0.001 -21"><span class='ocrx_word' id='word_1_219' title='bbox 270 2993 506 3059; x_wconf 81' lang='lat' dir='ltr'>Britannorum</span> <span class='ocrx_word' id='word_1_220' title='bbox 537 2992 646 3058; x_wconf 84' lang='lat' dir='ltr'>adfert</span> <span class='ocrx_word' id='word_1_221' title='bbox 676 2997 871 3077; x_wconf 76' lang='lat' dir='ltr'>sententias</span> <span class='ocrx_word' id='word_1_222' title='bbox 903 2993 960 3080; x_wconf 90' lang='lat' dir='ltr'>qui</span> <span class='ocrx_word' id='word_1_223' title='bbox 991 2993 1174 3060; x_wconf 89' lang='lat' dir='ltr'>secundum</span> <span class='ocrx_word' id='word_1_224' title='bbox 1206 3015 1288 3059; x_wconf 87' lang='lat' dir='ltr'>suae</span> <span class='ocrx_word' id='word_1_225' title='bbox 1316 2995 1439 3061; x_wconf 86' lang='lat' dir='ltr'>aetatis</span> <span class='ocrx_word' id='word_1_226' title='bbox 1471 3015 1549 3061; x_wconf 91' lang='lat' dir='ltr'>con-</span> 
     </span>
     <span class='ocr_line' id='line_1_28' title="bbox 270 3090 1550 3175; baseline -0.002 -17"><span class='ocrx_word' id='word_1_227' title='bbox 270 3091 482 3158; x_wconf 89' lang='lat' dir='ltr'>suetudinem</span> <span class='ocrx_word' id='word_1_228' title='bbox 505 3112 582 3157; x_wconf 86' lang='lat' dir='ltr'>eum</span> <span class='ocrx_word' id='word_1_229' title='bbox 605 3091 672 3158; x_wconf 87' lang='lat' dir='ltr'>alia</span> <span class='ocrx_word' id='word_1_230' title='bbox 687 3095 761 3158; x_wconf 87' lang='lat' dir='ltr'>tum</span> <span class='ocrx_word' id='word_1_231' title='bbox 776 3092 840 3158; x_wconf 94' lang='lat' dir='ltr'>hoc</span> <span class='ocrx_word' id='word_1_232' title='bbox 855 3091 1057 3158; x_wconf 85' lang='lat' dir='ltr'>uocabulum</span> <span class='ocrx_word' id='word_1_233' title='bbox 1073 3113 1115 3157; x_wconf 90' lang='lat' dir='ltr'>ex</span> <span class='ocrx_word' id='word_1_234' title='bbox 1130 3090 1295 3158; x_wconf 78' lang='lat' dir='ltr'>Hebraico</span> <span class='ocrx_word' id='word_1_235' title='bbox 1309 3092 1425 3175; x_wconf 89' lang='lat' dir='ltr'>lingua</span> <span class='ocrx_word' id='word_1_236' title='bbox 1440 3094 1550 3158; x_wconf 86' lang='lat' dir='ltr'>ortum</span> 
     </span>
     <span class='ocr_line' id='line_1_29' title="bbox 271 3189 1549 3275; baseline -0.002 -19"><span class='ocrx_word' id='word_1_237' title='bbox 271 3211 344 3256; x_wconf 89' lang='lat' dir='ltr'>esse</span> <span class='ocrx_word' id='word_1_238' title='bbox 368 3192 538 3271; x_wconf 86' lang='lat' dir='ltr'>censeant,</span> <span class='ocrx_word' id='word_1_239' title='bbox 563 3193 655 3256; x_wconf 88' lang='lat' dir='ltr'>recta</span> <span class='ocrx_word' id='word_1_240' title='bbox 677 3193 763 3257; x_wconf 88' lang='lat' dir='ltr'>ratio</span> <span class='ocrx_word' id='word_1_241' title='bbox 788 3211 827 3255; x_wconf 90' lang='lat' dir='ltr'>ao</span> <span class='ocrx_word' id='word_1_242' title='bbox 851 3189 909 3254; x_wconf 92' lang='lat' dir='ltr'>uia</span> <span class='ocrx_word' id='word_1_243' title='bbox 939 3192 1053 3275; x_wconf 89' lang='lat' dir='ltr'>potest</span> <span class='ocrx_word' id='word_1_244' title='bbox 1075 3191 1236 3273; x_wconf 82' lang='lat' dir='ltr'>cognosci.</span> <span class='ocrx_word' id='word_1_245' title='bbox 1284 3190 1357 3270; x_wconf 80' lang='lat' dir='ltr'>Qua</span> <span class='ocrx_word' id='word_1_246' title='bbox 1387 3191 1444 3256; x_wconf 89' lang='lat' dir='ltr'>uia</span> <span class='ocrx_word' id='word_1_247' title='bbox 1473 3210 1549 3275; x_wconf 87' lang='lat' dir='ltr'>pro-</span> 
     </span>
     <span class='ocr_line' id='line_1_30' title="bbox 271 3281 1549 3374; baseline -0.001 -22"><span class='ocrx_word' id='word_1_248' title='bbox 271 3287 375 3370; x_wconf 90' lang='lat' dir='ltr'>gressi</span> <span class='ocrx_word' id='word_1_249' title='bbox 393 3286 511 3370; x_wconf 88' lang='lat' dir='ltr'>Keller,</span> <span class='ocrx_word' id='word_1_250' title='bbox 535 3281 946 3374; x_wconf 79' lang='lat' dir='ltr'>Lat.Vollrsetymologien</span> <span class='ocrx_word' id='word_1_251' title='bbox 965 3309 995 3373; x_wconf 93' lang='lat' dir='ltr'>p.</span> <span class='ocrx_word' id='word_1_252' title='bbox 1009 3287 1073 3353; x_wconf 88' lang='grc'>196</span> <span class='ocrx_word' id='word_1_253' title='bbox 1091 3309 1137 3373; x_wconf 93' lang='lat' dir='ltr'>sq.</span> <span class='ocrx_word' id='word_1_254' title='bbox 1159 3290 1194 3353; x_wconf 89' lang='lat' dir='ltr'>et</span> <span class='ocrx_word' id='word_1_255' title='bbox 1212 3286 1327 3374; x_wconf 83' lang='lat' dir='ltr'>Lewy,</span> <span class='ocrx_word' id='word_1_256' title='bbox 1354 3287 1549 3354; x_wconf 84' lang='lat' dir='ltr'>Semitische</span> 
     </span>
     <span class='ocr_line' id='line_1_31' title="bbox 269 3382 1549 3470; baseline -0.001 -20"><span class='ocrx_word' id='word_1_257' title='bbox 269 3384 403 3450; x_wconf 81' lang='lat' dir='ltr'>Wdrter</span> <span class='ocrx_word' id='word_1_258' title='bbox 433 3386 479 3449; x_wconf 93' lang='lat' dir='ltr'>im</span> <span class='ocrx_word' id='word_1_259' title='bbox 507 3382 743 3451; x_wconf 84' lang='lat' dir='ltr'>Gricchischen</span> <span class='ocrx_word' id='word_1_260' title='bbox 767 3406 797 3470; x_wconf 92' lang='lat' dir='ltr'>p.</span> <span class='ocrx_word' id='word_1_261' title='bbox 814 3385 857 3449; x_wconf 85' lang='lat'>68</span> <span class='ocrx_word' id='word_1_262' title='bbox 881 3388 965 3470; x_wconf 80' lang='grc' dir='ltr'><strong><em>ἅβρα</em></strong></span> <span class='ocrx_word' id='word_1_263' title='bbox 989 3385 1148 3468; x_wconf 89' lang='lat' dir='ltr'>originem</span> <span class='ocrx_word' id='word_1_264' title='bbox 1171 3384 1291 3451; x_wconf 89' lang='lat' dir='ltr'>ducere</span> <span class='ocrx_word' id='word_1_265' title='bbox 1316 3407 1337 3450; x_wconf 91' lang='lat' dir='ltr'>a</span> <span class='ocrx_word' id='word_1_266' title='bbox 1359 3407 1442 3451; x_wconf 91' lang='lat' dir='ltr'>uoce</span> <span class='ocrx_word' id='word_1_267' title='bbox 1465 3387 1549 3450; x_wconf 85' lang='lat' dir='ltr'>Ara-</span> 
     </span>
     <span class='ocr_line' id='line_1_32' title="bbox 270 3480 1550 3576; baseline 0.001 -30"><span class='ocrx_word' id='word_1_268' title='bbox 270 3484 379 3548; x_wconf 90' lang='lat' dir='ltr'>maica</span> <span class='ocrx_word' id='word_1_269' title='bbox 402 3501 486 3576; x_wconf 57' lang='lat'>³:30</span> <span class='ocrx_word' id='word_1_270' title='bbox 515 3480 647 3566; x_wconf 81' lang='lat' dir='ltr'>docent3</span> <span class='ocrx_word' id='word_1_271' title='bbox 679 3481 767 3548; x_wconf 91' lang='lat' dir='ltr'>unde</span> <span class='ocrx_word' id='word_1_272' title='bbox 799 3486 883 3567; x_wconf 80' lang='grc' dir='ltr'><strong><em>ἅβρα</em></strong></span> <span class='ocrx_word' id='word_1_273' title='bbox 914 3482 1124 3549; x_wconf 89' lang='lat' dir='ltr'>scribendum</span> <span class='ocrx_word' id='word_1_274' title='bbox 1156 3503 1230 3548; x_wconf 88' lang='lat' dir='ltr'>esse</span> <span class='ocrx_word' id='word_1_275' title='bbox 1261 3482 1428 3569; x_wconf 87' lang='lat' dir='ltr'>adparere.</span> <span class='ocrx_word' id='word_1_276' title='bbox 1481 3483 1550 3548; x_wconf 90' lang='lat' dir='ltr'>Nec</span> 
     </span>
    </p>
   </div>
   <div class='ocr_carea' id='block_1_3' title="bbox 270 3588 1552 4460">
    <p class='ocr_par' dir='ltr' id='par_1_3' title="bbox 270 3588 1552 4460">
     <span class='ocr_line' id='line_1_33' title="bbox 271 3588 1551 3676; baseline 0 -22"><span class='ocrx_word' id='word_1_277' title='bbox 271 3589 446 3675; x_wconf 89' lang='lat' dir='ltr'>quisquam</span> <span class='ocrx_word' id='word_1_278' title='bbox 486 3588 586 3656; x_wconf 88' lang='lat' dir='ltr'>debet</span> <span class='ocrx_word' id='word_1_279' title='bbox 623 3588 735 3654; x_wconf 89' lang='lat' dir='ltr'>mirari</span> <span class='ocrx_word' id='word_1_280' title='bbox 773 3589 861 3676; x_wconf 91' lang='lat' dir='ltr'>quod</span> <span class='ocrx_word' id='word_1_281' title='bbox 900 3611 942 3655; x_wconf 88' lang='lat' dir='ltr'>ex</span> <span class='ocrx_word' id='word_1_282' title='bbox 978 3589 1052 3676; x_wconf 88' lang='lat' dir='ltr'>ipsa</span> <span class='ocrx_word' id='word_1_283' title='bbox 1086 3589 1188 3655; x_wconf 89' lang='lat' dir='ltr'>Asiae</span> <span class='ocrx_word' id='word_1_284' title='bbox 1226 3588 1341 3673; x_wconf 86' lang='lat' dir='ltr'>lingua</span> <span class='ocrx_word' id='word_1_285' title='bbox 1379 3610 1551 3655; x_wconf 91' lang='lat' dir='ltr'>seruorum</span> 
     </span>
     <span class='ocr_line' id='line_1_34' title="bbox 270 3687 1550 3774; baseline 0 -22"><span class='ocrx_word' id='word_1_286' title='bbox 270 3708 486 3753; x_wconf 77' lang='lat' dir='ltr'>seruatumue</span> <span class='ocrx_word' id='word_1_287' title='bbox 503 3704 627 3771; x_wconf 89' lang='lat' dir='ltr'>genera</span> <span class='ocrx_word' id='word_1_288' title='bbox 643 3689 678 3752; x_wconf 87' lang='lat' dir='ltr'>et</span> <span class='ocrx_word' id='word_1_289' title='bbox 693 3688 825 3772; x_wconf 87' lang='lat' dir='ltr'>singula</span> <span class='ocrx_word' id='word_1_290' title='bbox 839 3689 1005 3774; x_wconf 89' lang='lat' dir='ltr'>mancipia</span> <span class='ocrx_word' id='word_1_291' title='bbox 1020 3688 1157 3753; x_wconf 92' lang='lat' dir='ltr'>nomina</span> <span class='ocrx_word' id='word_1_292' title='bbox 1170 3691 1378 3774; x_wconf 87' lang='lat' dir='ltr'>aeceperunt,</span> <span class='ocrx_word' id='word_1_293' title='bbox 1392 3687 1550 3774; x_wconf 90' lang='lat' dir='ltr'>quoniam</span> 
     </span>
     <span class='ocr_line' id='line_1_35' title="bbox 271 3783 1549 3872; baseline -0.002 -21"><span class='ocrx_word' id='word_1_294' title='bbox 271 3807 314 3851; x_wconf 87' lang='lat' dir='ltr'>ex</span> <span class='ocrx_word' id='word_1_295' title='bbox 336 3787 419 3852; x_wconf 85' lang='lat' dir='ltr'>Asia</span> <span class='ocrx_word' id='word_1_296' title='bbox 442 3806 572 3872; x_wconf 91' lang='lat' dir='ltr'>semper</span> <span class='ocrx_word' id='word_1_297' title='bbox 595 3805 756 3867; x_wconf 89' lang='lat' dir='ltr'>magnum</span> <span class='ocrx_word' id='word_1_298' title='bbox 779 3806 952 3851; x_wconf 86' lang='lat' dir='ltr'>seruorum</span> <span class='ocrx_word' id='word_1_299' title='bbox 975 3805 1151 3851; x_wconf 91' lang='lat' dir='ltr'>numerum</span> <span class='ocrx_word' id='word_1_300' title='bbox 1173 3785 1209 3849; x_wconf 91' lang='lat' dir='ltr'>in</span> <span class='ocrx_word' id='word_1_301' title='bbox 1225 3783 1399 3851; x_wconf 84' lang='lat' dir='ltr'>Graeciam</span> <span class='ocrx_word' id='word_1_302' title='bbox 1415 3787 1549 3852; x_wconf 89' lang='lat' dir='ltr'>uenisse</span> 
     </span>
     <span class='ocr_line' id='line_1_36' title="bbox 272 3882 1549 3966; baseline -0.001 -18"><span class='ocrx_word' id='word_1_303' title='bbox 272 3884 355 3949; x_wconf 86' lang='lat' dir='ltr'>satis</span> <span class='ocrx_word' id='word_1_304' title='bbox 387 3885 530 3966; x_wconf 86' lang='lat' dir='ltr'>constat,</span> <span class='ocrx_word' id='word_1_305' title='bbox 563 3884 601 3948; x_wconf 90' lang='lat' dir='ltr'>cl.</span> <span class='ocrx_word' id='word_1_306' title='bbox 626 3882 915 3966; x_wconf 85' lang='lat' dir='ltr'>Biichsenschiitz,</span> <span class='ocrx_word' id='word_1_307' title='bbox 952 3883 1063 3950; x_wconf 84' lang='lat' dir='ltr'>Besitz</span> <span class='ocrx_word' id='word_1_308' title='bbox 1094 3883 1164 3949; x_wconf 91' lang='lat' dir='ltr'>und</span> <span class='ocrx_word' id='word_1_309' title='bbox 1188 3882 1324 3950; x_wconf 77' lang='lat' dir='ltr'>llrwerb</span> <span class='ocrx_word' id='word_1_310' title='bbox 1355 3883 1401 3949; x_wconf 91' lang='lat' dir='ltr'>im</span> <span class='ocrx_word' id='word_1_311' title='bbox 1432 3882 1549 3966; x_wconf 91' lang='lat' dir='ltr'>griech.</span> 
     </span>
     <span class='ocr_line' id='line_1_37' title="bbox 270 3979 1549 4068; baseline 0.002 -24"><span class='ocrx_word' id='word_1_312' title='bbox 270 3979 457 4046; x_wconf 86' lang='lat' dir='ltr'>Altertume</span> <span class='ocrx_word' id='word_1_313' title='bbox 480 4003 509 4068; x_wconf 91' lang='lat' dir='ltr'>p.</span> <span class='ocrx_word' id='word_1_314' title='bbox 529 3982 589 4046; x_wconf 88' lang='grc'>181</span> <span class='ocrx_word' id='word_1_315' title='bbox 609 4002 677 4067; x_wconf 87' lang='lat' dir='ltr'>sqq.</span> <span class='ocrx_word' id='word_1_316' title='bbox 702 3981 822 4047; x_wconf 86' lang='lat' dir='ltr'>Strabo</span> <span class='ocrx_word' id='word_1_317' title='bbox 841 3981 952 4046; x_wconf 82' lang='lat' dir='ltr'>Vss12</span> <span class='ocrx_word' id='word_1_318' title='bbox 975 4004 1004 4068; x_wconf 93' lang='lat' dir='ltr'>p.</span> <span class='ocrx_word' id='word_1_319' title='bbox 1021 3981 1087 4047; x_wconf 89' lang='lat'>304</span> <span class='ocrx_word' id='word_1_320' title='bbox 1117 3984 1152 4056; x_wconf 84' lang='grc' dir='ltr'>ἒξ</span> <span class='ocrx_word' id='word_1_321' title='bbox 1179 3981 1226 4046; x_wconf 85' lang='grc' dir='ltr'>ὧν</span> <span class='ocrx_word' id='word_1_322' title='bbox 1258 3982 1318 4066; x_wconf 83' lang='grc' dir='ltr'>γὰρ</span> <span class='ocrx_word' id='word_1_323' title='bbox 1347 3985 1509 4066; x_wconf 80' lang='grc' dir='ltr'><strong><em>ἐκομίζετο</em></strong></span> <span class='ocrx_word' id='word_1_324' title='bbox 1529 3985 1549 4064; x_wconf 85' lang='grc' dir='ltr'><em>ἢ</em></span> 
     </span>
     <span class='ocr_line' id='line_1_38' title="bbox 270 4080 1551 4163; baseline 0 -21"><span class='ocrx_word' id='word_1_325' title='bbox 270 4087 334 4150; x_wconf 91' lang='grc' dir='ltr'><strong><em>τοῖς</em></strong></span> <span class='ocrx_word' id='word_1_326' title='bbox 357 4082 479 4144; x_wconf 82' lang='grc' dir='ltr'><strong><em>ἔθνεσιν</em></strong></span> <span class='ocrx_word' id='word_1_327' title='bbox 503 4082 632 4151; x_wconf 89' lang='grc' dir='ltr'><strong><em>ἐκείνοις</em></strong></span> <span class='ocrx_word' id='word_1_328' title='bbox 662 4081 859 4163; x_wconf 84' lang='grc' dir='ltr'><strong><em>ὁμωνύμους</em></strong></span> <span class='ocrx_word' id='word_1_329' title='bbox 888 4082 1022 4145; x_wconf 76' lang='grc' dir='ltr'><strong><em>ἐκάλουν</em></strong></span> <span class='ocrx_word' id='word_1_330' title='bbox 1044 4080 1118 4151; x_wconf 82' lang='grc' dir='ltr'><strong><em>τοὺς</em></strong></span> <span class='ocrx_word' id='word_1_331' title='bbox 1141 4082 1263 4151; x_wconf 81' lang='grc' dir='ltr'><strong><em>οἰκέτας</em></strong></span> <span class='ocrx_word' id='word_1_332' title='bbox 1287 4083 1334 4152; x_wconf 85' lang='grc' dir='ltr'><strong><em>ὡς</em></strong></span> <span class='ocrx_word' id='word_1_333' title='bbox 1356 4081 1467 4146; x_wconf 89' lang='grc' dir='ltr'><strong><em>Λυδὸν</em></strong></span> <span class='ocrx_word' id='word_1_334' title='bbox 1497 4081 1551 4145; x_wconf 84' lang='grc' dir='ltr'>καὶ</span> 
     </span>
     <span class='ocr_line' id='line_1_39' title="bbox 271 4175 1550 4264; baseline 0.001 -24"><span class='ocrx_word' id='word_1_335' title='bbox 271 4175 381 4262; x_wconf 90' lang='grc' dir='ltr'><strong><em>Σύρον</em></strong></span> <span class='ocrx_word' id='word_1_336' title='bbox 412 4197 438 4243; x_wconf 88' lang='lat' dir='ltr'>e.</span> <span class='ocrx_word' id='word_1_337' title='bbox 462 4198 492 4262; x_wconf 92' lang='lat' dir='ltr'>q.</span> <span class='ocrx_word' id='word_1_338' title='bbox 517 4198 541 4242; x_wconf 89' lang='lat' dir='ltr'>s.</span> <span class='ocrx_word' id='word_1_339' title='bbox 572 4175 738 4263; x_wconf 85' lang='lat' dir='ltr'>Hermipp.</span> <span class='ocrx_word' id='word_1_340' title='bbox 763 4176 802 4242; x_wconf 87' lang='lat' dir='ltr'>fr.</span> <span class='ocrx_word' id='word_1_341' title='bbox 823 4177 937 4261; x_wconf 85' lang='grc'>63,18</span> <span class='ocrx_word' id='word_1_342' title='bbox 957 4176 996 4244; x_wconf 89' lang='grc' dir='ltr'>Κ.</span> <span class='ocrx_word' id='word_1_343' title='bbox 1021 4177 1132 4242; x_wconf 79' lang='lat' dir='ltr'>OAFI</span> <span class='ocrx_word' id='word_1_344' title='bbox 1154 4199 1183 4264; x_wconf 90' lang='lat' dir='ltr'>p.</span> <span class='ocrx_word' id='word_1_345' title='bbox 1205 4177 1270 4243; x_wconf 80' lang='grc'>243</span> <span class='ocrx_word' id='word_1_346' title='bbox 1302 4179 1482 4261; x_wconf 79' lang='grc' dir='ltr'><strong><em>ἀνδράποδ’</em></strong></span> <span class='ocrx_word' id='word_1_347' title='bbox 1515 4181 1550 4242; x_wconf 89' lang='grc' dir='ltr'>ἐκ</span> 
     </span>
     <span class='ocr_line' id='line_1_40' title="bbox 276 4273 1551 4361; baseline 0 -23"><span class='ocrx_word' id='word_1_348' title='bbox 276 4275 424 4358; x_wconf 76' lang='grc' dir='ltr'><strong><em>Φρυγίας.</em></strong></span> <span class='ocrx_word' id='word_1_349' title='bbox 463 4273 576 4360; x_wconf 89' lang='lat' dir='ltr'>Ipsum</span> <span class='ocrx_word' id='word_1_350' title='bbox 593 4278 707 4341; x_wconf 87' lang='lat' dir='ltr'>autem</span> <span class='ocrx_word' id='word_1_351' title='bbox 722 4296 845 4341; x_wconf 91' lang='lat' dir='ltr'>nomen</span> <span class='ocrx_word' id='word_1_352' title='bbox 860 4276 969 4360; x_wconf 86' lang='grc' dir='ltr'><strong><em>Σύρος</em></strong></span> <span class='ocrx_word' id='word_1_353' title='bbox 986 4274 1075 4361; x_wconf 92' lang='lat' dir='ltr'>quod</span> <span class='ocrx_word' id='word_1_354' title='bbox 1090 4273 1211 4341; x_wconf 86' lang='lat' dir='ltr'>Strabo</span> <span class='ocrx_word' id='word_1_355' title='bbox 1231 4274 1250 4340; x_wconf 93' lang='lat' dir='ltr'>l.</span> <span class='ocrx_word' id='word_1_356' title='bbox 1267 4297 1292 4340; x_wconf 91' lang='lat' dir='ltr'>s.</span> <span class='ocrx_word' id='word_1_357' title='bbox 1314 4276 1551 4341; x_wconf 90' lang='lat' dir='ltr'>commemorat</span> 
     </span>
     <span class='ocr_line' id='line_1_41' title="bbox 271 4370 1552 4460; baseline 0.002 -25"><span class='ocrx_word' id='word_1_358' title='bbox 271 4370 393 4438; x_wconf 80' lang='lat' dir='ltr'>hocin</span> <span class='ocrx_word' id='word_1_359' title='bbox 415 4371 532 4438; x_wconf 84' lang='lat' dir='ltr'>sabula</span> <span class='ocrx_word' id='word_1_360' title='bbox 554 4373 645 4438; x_wconf 86' lang='lat' dir='ltr'>u.39</span> <span class='ocrx_word' id='word_1_361' title='bbox 668 4372 797 4456; x_wconf 90' lang='lat' dir='ltr'>legitur,</span> <span class='ocrx_word' id='word_1_362' title='bbox 826 4393 888 4438; x_wconf 90' lang='lat' dir='ltr'>nec</span> <span class='ocrx_word' id='word_1_363' title='bbox 915 4393 984 4438; x_wconf 91' lang='lat' dir='ltr'>non</span> <span class='ocrx_word' id='word_1_364' title='bbox 999 4374 1133 4438; x_wconf 90' lang='lat' dir='ltr'>Dauum</span> <span class='ocrx_word' id='word_1_365' title='bbox 1161 4374 1218 4460; x_wconf 90' lang='lat' dir='ltr'>qui</span> <span class='ocrx_word' id='word_1_366' title='bbox 1242 4395 1273 4439; x_wconf 91' lang='lat' dir='ltr'>u.</span> <span class='ocrx_word' id='word_1_367' title='bbox 1294 4372 1336 4437; x_wconf 85' lang='lat'>32</span> <span class='ocrx_word' id='word_1_368' title='bbox 1359 4374 1552 4438; x_wconf 87' lang='lat' dir='ltr'>nominatur</span> 
     </span>
    </p>
   </div>
   <div class='ocr_carea' id='block_1_4' title="bbox 379 4557 1263 4710">
    <p class='ocr_par' dir='ltr' id='par_1_4' title="bbox 379 4557 1263 4710">
     <span class='ocr_line' id='line_1_42' title="bbox 380 4557 1263 4631; baseline -0.001 -17"><span class='ocrx_word' id='word_1_369' title='bbox 380 4559 398 4628; x_wconf 74' lang='lat'>¹)</span> <span class='ocrx_word' id='word_1_370' title='bbox 419 4559 484 4614; x_wconf 79' lang='lat' dir='ltr'>Fuit</span> <span class='ocrx_word' id='word_1_371' title='bbox 503 4559 589 4614; x_wconf 85' lang='lat' dir='ltr'>etiam</span> <span class='ocrx_word' id='word_1_372' title='bbox 608 4559 759 4614; x_wconf 80' lang='lat' dir='ltr'>Nicostrati</span> <span class='ocrx_word' id='word_1_373' title='bbox 777 4557 874 4613; x_wconf 82' lang='lat' dir='ltr'>fabula</span> <span class='ocrx_word' id='word_1_374' title='bbox 886 4557 973 4629; x_wconf 77' lang='grc' dir='ltr'><strong><em>’Ἀβρα</em></strong></span> <span class='ocrx_word' id='word_1_375' title='bbox 992 4558 1060 4613; x_wconf 69' lang='lat' dir='ltr'>clu</span> <span class='ocrx_word' id='word_1_376' title='bbox 1074 4559 1099 4614; x_wconf 91' lang='lat'>11</span> <span class='ocrx_word' id='word_1_377' title='bbox 1117 4577 1143 4631; x_wconf 91' lang='lat' dir='ltr'>p.</span> <span class='ocrx_word' id='word_1_378' title='bbox 1157 4558 1210 4613; x_wconf 86' lang='grc'>219</span> <span class='ocrx_word' id='word_1_379' title='bbox 1222 4576 1263 4630; x_wconf 91' lang='lat' dir='ltr'>sq.</span> 
     </span>
     <span class='ocr_line' id='line_1_43' title="bbox 379 4639 1060 4710; baseline 0 -16"><span class='ocrx_word' id='word_1_380' title='bbox 379 4639 399 4710; x_wconf 67' lang='lat'>2)</span> <span class='ocrx_word' id='word_1_381' title='bbox 417 4639 454 4695; x_wconf 83' lang='lat' dir='ltr'>cf.</span> <span class='ocrx_word' id='word_1_382' title='bbox 468 4640 564 4706; x_wconf 83' lang='lat' dir='ltr'>Uarro,</span> <span class='ocrx_word' id='word_1_383' title='bbox 583 4639 619 4694; x_wconf 89' lang='lat' dir='ltr'>de</span> <span class='ocrx_word' id='word_1_384' title='bbox 636 4639 702 4709; x_wconf 86' lang='lat' dir='ltr'>ling.</span> <span class='ocrx_word' id='word_1_385' title='bbox 722 4639 823 4694; x_wconf 79' lang='lat' dir='ltr'>Latv</span> <span class='ocrx_word' id='word_1_386' title='bbox 843 4639 893 4693; x_wconf 92' lang='grc'>101</span> <span class='ocrx_word' id='word_1_387' title='bbox 913 4639 950 4694; x_wconf 93' lang='lat' dir='ltr'>in.</span> <span class='ocrx_word' id='word_1_388' title='bbox 971 4643 999 4693; x_wconf 87' lang='lat' dir='ltr'>et</span> <span class='ocrx_word' id='word_1_389' title='bbox 1019 4655 1060 4694; x_wconf 88' lang='lat' dir='ltr'>ex.</span> 
     </span>
    </p>
   </div>
   <div class='ocr_carea' id='block_1_5' title="bbox 0 0 1729 5130">
    <p class='ocr_par' dir='ltr' id='par_1_5' title="bbox 0 0 1729 5130">
     <span class='ocr_line' id='line_1_44' title="bbox 0 0 1729 5130; baseline 0 0"><span class='ocrx_word' id='word_1_390' title='bbox 0 0 1729 5130; x_wconf 95' lang='lat' dir='ltr'> </span> 
     </span>
    </p>
   </div>
  </div>
 </body>
</html>
