3442 5130
794 349 1017 416 --56-

374 528 551 617 Reliquum
575 531 627 594 est
650 531 689 593 ut
704 527 918 594 Driatzkonis
941 528 1086 612 uestigia
1108 526 1302 614 plerumque
1322 527 1488 613 persecuti
1503 527 1545 594 de

266 627 404 693 fabulae
420 629 616 710 argumento
634 626 767 692 uberius
784 625 996 691 disseramus.
1025 624 1091 691 Sed
1107 647 1182 690 curn
1198 645 1416 711 quaecunque
1432 625 1546 712 aliqua

268 746 342 792 curn
366 725 437 790 ueri
460 725 568 810 specie
591 726 734 811 possunt
757 723 828 789 erui
851 744 892 788 ea
907 722 1062 789 Alfredus
1087 722 1190 789 Kbrte
1213 723 1233 789 l.
1251 744 1275 789 s.
1296 722 1543 809 1139311111-

266 825 427 910 posuerit,
464 821 506 888 ad
540 820 630 888 hunc
665 822 749 887 satis
784 824 838 887 est
871 820 1022 904 delegare
1057 823 1093 886 et
1124 842 1146 886 a
1180 821 1377 887 coniecturis
1411 821 1544 888 incertis

267 921 506 988 abstineamus,

748 1063 1066 1146 Argumentum.

375 1229 476 1245 .....
493 1177 700 1244 adulescenti
723 1181 820 1264 pater
843 1197 988 1243 sororem
1011 1176 1078 1242 alia
1100 1180 1208 1243 matre
1231 1178 1348 1243 natam
1371 1178 1406 1241 in
1430 1178 1544 1243 matri-

267 1278 416 1342 monium
440 1277 673 1341 conlocaturus
697 1279 758 1342 est.
797 1275 892 1356 Quod
915 1275 1164 1340 matrimonium
1186 1274 1240 1341 ille
1257 1275 1405 1359 effugere
1422 1275 1544 1358 studet,

268 1375 348 1460 quia
370 1374 560 1460 Myrrhinae
583 1373 739 1460 pauperis
770 1371 893 1438 uiduae
917 1372 1024 1438 filiam
1047 1373 1172 1439 incerto
1195 1375 1291 1458 patre
1313 1375 1432 1439 natam
1455 1393 1545 1438 com-

267 1473 389 1558 pressit
412 1492 553 1557 eamque
577 1491 651 1536 sese
675 1471 851 1537 ducturum
874 1471 1033 1556 promisit.
1072 1470 1221 1537 Eandem
1239 1471 1357 1536 ducere
1373 1470 1547 1537 constituit

268 1569 467 1636 Oleaenetus
483 1569 635 1652 agricola,
652 1573 691 1634 ut
708 1569 849 1652 Gorgiae
862 1567 1050 1655 Myrrhinae
1066 1568 1136 1634 filio
1154 1569 1210 1654 qui
1226 1589 1359 1654 operam
1377 1569 1408 1634 ei
1422 1566 1547 1633 locauit

268 1667 411 1750 gratiam
433 1667 578 1751 referret,
602 1666 691 1752 quod
715 1666 779 1732 sibi
802 1668 937 1749 aegroto
962 1665 1157 1732 adsedisset.
1203 1663 1324 1755 [Atque
1347 1666 1431 1732 haec
1453 1665 1545 1748 uirgo

269 1764 440 1831 Oleaeneti
455 1764 527 1830 filia
550 1765 742 1847 agnoscitur
765 1767 800 1830 et
823 1764 1030 1830 adulescenti
1052 1764 1158 1830 nubit.
1175 1762 1314 1847 Gorgias
1337 1762 1437 1828 huius
1457 1761 1547 1828 ducit

271 1860 435 1951 sororem]
481 1862 635 1945 Agricola
659 1884 734 1929 cum
756 1861 927 1948 Myrrhina
949 1883 1006 1928 rus
1029 1863 1209 1928 reuertitur
1231 1911 1356 1928 ......

889 2165 926 2229 ll.

742 2297 1075 2363 ΔΑΚΤΥΛΙΟΣ.

375 2448 542 2507 ῖρΟφιμΟν.

376 2537 547 2605 Uocabulo
570 2540 727 2622 τρόφιμος
748 2531 968 2602 Menandrum
992 2537 1026 2602 in
1050 2536 1167 2602 fabula
1190 2538 1363 2608 Δακτόλιος
1387 2555 1473 2621 quae
1494 2533 1548 2599 in-

270 2637 468 2701 scriberetur
498 2657 597 2699 usum
617 2625 702 2700 'esse
733 2636 830 2701 testis
862 2637 915 2701 est
936 2633 1125 2722 Hesychius
1154 2656 1178 2699 s.
1202 2656 1232 2700 u.
1255 2636 1422 2718 τρόφιμον,
1454 2633 1549 2697 cuius

270 2733 375 2799 uerba
398 2732 563 2800 Iernstedt
585 2735 620 2798 in
643 2733 726 2799 libro
749 2732 935 2799 Russorum
956 2732 1072 2816 lingua
1096 2733 1291 2817 conscripto,
1316 2732 1357 2797 de
1380 2751 1445 2816 quo
1464 2729 1548 2795 libro

271 2832 401 2897 rettulit
416 2830 544 2915 Nauck,
562 2829 732 2913 Melanges
750 2830 1035 2898 Gracc-Romains
1050 2830 1095 2895 VI
1115 2829 1200 2894 1894
1220 2851 1249 2914 p.
1267 2828 1339 2910 109,
1364 2829 1412 2894 sic
1435 2847 1548 2893 emen-

273 2929 379 2994 dauit:
410 2931 572 3014 τρόφιμον.
598 2933 636 2994 ὃν
667 2933 757 3014 ἡμεῖς
780 2931 995 2994 δεσπόσυνον·
1019 2930 1073 2991 καὶ
1104 2930 1297 3011 ”τρόφιμον’
1321 2923 1549 3015 <Μέν>ανόρος

271 3024 493 3116 Δοκτολίω<ι>.
538 3024 699 3092 Necnon
723 3025 839 3092 eadem
863 3026 992 3091 ratione
1015 3024 1188 3090 Menandri
1213 3045 1336 3090 nomen
1359 3025 1549 3108 corruptum

272 3128 325 3191 est
340 3126 388 3190 eis
403 3125 495 3206 lucie,
521 3125 641 3211 quibus
656 3123 695 3190 fr.
710 3123 776 3189 461
789 3124 828 3188 K.
845 3122 927 3188 eAn
942 3123 986 3188 ΙΠ
1001 3144 1031 3209 p.
1051 3123 1113 3187 132
1128 3122 1257 3205 legitur,
1281 3119 1371 3207 apud
1387 3119 1548 3203 Suidam1)

272 3226 307 3288 et
321 3223 513 3305 Zonaramll
542 3222 605 3288 sub
629 3243 710 3288 uoce
735 3223 932 3306 αἰτήσασθαι.
971 3222 1081 3306 Atque
1104 3220 1202 3285 tertio
1227 3218 1372 3306 quodam
1394 3217 1466 3284 loco
1484 3237 1548 3302 quo

270 3318 370 3385 huius
400 3319 580 3403 fragmenti
610 3341 687 3406 pars
714 3320 801 3406 prior
823 3319 980 3384 laudatur
1009 3317 1097 3382 idem
1128 3338 1249 3382 nomen
1278 3337 1346 3382 non
1369 3315 1465 3380 aliter
1489 3315 1548 3379 de-

270 3421 451 3503 prauatum
467 3420 531 3501 est3
549 3439 647 3503 quem
662 3417 771 3483 locum
789 3415 895 3482 adfert
906 3415 1026 3482 Nauck
1041 3415 1060 3484 1.
1072 3438 1111 3481 s.:
1128 3415 1251 3480 Anecd.
1265 3413 1378 3480 Graec.
1390 3413 1493 3479 Paris.
1503 3409 1549 3476 IV

272 3537 303 3601 p.
320 3515 394 3598 103,
408 3517 447 3581 21
475 3515 608 3581 Cramer
631 3517 822 3580 airlooodat·
845 3516 881 3579 τὸ
904 3516 1094 3598 χρήσασθαι,
1118 3514 1236 3596 ἀνδρὸς
1258 3514 1359 3596 τίτθηι
1381 3515 1422 3595 ἣν
1444 3513 1484 3575 ἄν
1505 3536 1550 3581 τις

271 3616 366 3698 ὑμῶν
388 3615 525 3679 παιδίων
547 3616 672 3698 ἠτίσατο
696 3613 754 3679 ubi
777 3615 955 3678 altissodor
978 3616 1012 3677 et
1034 3614 1159 3696 ἠτίσοτο
1184 3613 1223 3676 ut
1246 3610 1468 3675 scriberentur
1491 3628 1549 3694 pro

272 3713 460 3797 αἰτήσασθαι
483 3714 518 3777 et
540 3715 687 3796 ἠιτήσατο
710 3712 862 3776 itacismo
888 3731 986 3797 quern
1003 3708 1118 3774 dicunt
1133 3708 1261 3774 factum
1277 3728 1350 3773 esse
1367 3726 1465 3773 nemo
1482 3725 1550 3771 non

271 3808 365 3875 uidet
387 3830 450 3875 nec
473 3807 513 3873 de
537 3835 546 3873 ι
569 3812 662 3874 muto
685 3810 719 3874 in
743 3812 867 3893 ἠτίοοτο
892 3807 1013 3872 omisso
1037 3807 1198 3872 disserere
1215 3808 1354 3892 oportet.
1389 3805 1460 3869 lam
1476 3802 1549 3868 aliis

272 3928 403 3992 quoque
434 3906 514 3973 locis
542 3905 724 3972 Menander
755 3926 837 3972 uoce
865 3907 1022 3989 τρόφιμος
1052 3925 1135 3969 usus
1166 3908 1219 3969 est
1250 3902 1356 3968 ueluti
1377 3900 1415 3966 fr.
1435 3900 1498 3966 194
1511 3898 1549 3964 Κ.

273 4003 354 4070 GAF
375 4005 418 4069 111
440 4026 470 4090 p.
487 4004 538 4086 56,
561 4005 597 4070 fr.
614 4005 688 4078 531,
706 4004 720 4068 1
749 4007 782 4070 et
808 4004 848 4068 16
860 4003 899 4068 Κ.
916 4003 997 4069 GAF
1012 4003 1056 4067 III
1078 4024 1107 4088 p.
1125 4002 1199 4084 155,
1223 4000 1261 4065 fr.
1277 4001 1343 4066 600
1354 3998 1393 4066 K
1411 3997 1492 4064 ΘΑΕ
1507 3997 1551 4062 III

272 4124 302 4188 p.
322 4102 392 4168 181.
438 4101 507 4168 Nec
537 4105 627 4168 recte
657 4101 753 4168 Kock
774 4100 813 4167 fr.
829 4101 892 4167 531
918 4101 937 4168 1,
954 4123 979 4167 s.
1011 4103 1045 4166 et
1075 4099 1214 4185 Philipp.
1237 4097 1275 4164 fr.
1292 4099 1379 4180 27,2
1404 4094 1486 4161 (1Α1.1
1507 4095 1551 4160 Ill

272 4221 302 4285 p.
320 4199 384 4264 309
408 4200 539 4285 scripsit
563 4201 718 4284 Τρόφιμε;
749 4198 837 4285 quod
868 4198 1071 4265 uocabulum
1095 4217 1169 4262 cum
1199 4196 1288 4261 idem
1311 4194 1426 4260 ualeat
1448 4196 1549 4278 atque

273 4296 373 4362 ‘erilis
396 4296 498 4363 filius'
523 4297 562 4364 cf.
585 4297 706 4363 Donat.
731 4297 774 4362 ad
795 4298 866 4364 Ter.
888 4298 970 4363 Eun.
987 4295 1052 4361 289
1068 4317 1098 4381 p.
1115 4294 1188 4368 329,
1207 4294 1247 4358 18
1263 4292 1431 4374 Wessner,
1454 4290 1551 4355 Phot

274 4417 298 4461 s.
322 4418 354 4461 n.
377 4419 407 4483 p.
424 4396 498 4480 607,
512 4395 554 4461 19
578 4396 705 4462 Porson
727 4427 771 4454 =
794 4396 823 4461 H
845 4418 875 4481 p.
891 4395 957 4461 229
980 4393 1101 4476 Naber,
1133 4413 1256 4457 nomen
1287 4411 1360 4456 esse
1383 4389 1552 4475 proprium

381 4573 399 4643 ¹)
419 4577 505 4647 etque
523 4574 552 4630 id
572 4574 684 4644 quidem
702 4573 731 4628 in
751 4573 881 4628 omnibus
900 4571 1050 4639 codicibus,
1070 4587 1126 4642 qua
1145 4571 1180 4625 de
1198 4587 1228 4624 re
1246 4571 1326 4624 tacet
1342 4567 1424 4623 Koclr
1442 4567 1479 4622 ad
1491 4567 1520 4622 h.
1532 4567 1551 4621 l.

381 4655 399 4725 ²)
420 4655 467 4726 qui
486 4655 602 4710 Suidam
621 4654 777 4724 exscripsit.
