3442 5130
782 342 1003 408 ..46-

251 524 333 606 πρὸς
355 524 472 605 ὑγιείην
494 523 597 605 τείνηι.
643 519 728 601 Ilrgo
759 519 832 584 ueri
855 522 908 585 est
936 519 1139 585 simillimum
1163 543 1193 586 u.
1210 519 1253 586 59
1278 522 1432 602 exeunte,
1466 542 1531 608 quo

253 618 351 686 modo
375 619 542 684 recentius
565 617 689 698 uulnus
714 615 912 683 adulescens
945 619 1117 684 sanauerit
1144 617 1329 684 indicatum
1351 617 1467 700 tuisse,
1498 618 1532 684 id

252 716 341 803 quod
363 718 413 782 ita
435 715 505 781 fere
529 718 663 801 poterat
694 715 834 801 exprimi
857 720 895 781 ut
928 714 1247 782 medicamentorum
1276 717 1311 780 in
1338 717 1533 782 uniuersum
1657 757 1659 761 ,

252 816 350 881 lieret
372 813 511 880 mentio:

253 1045 294 1112 cf.
318 1045 387 1112 Nic.
403 1045 453 1111 Al.
470 1044 536 1110 350
558 1047 684 1128 πορέειν
707 1046 857 1128 ἀλκτήρια
881 1046 1015 1109 νούσων.

360 1143 430 1208 lam
461 1144 675 1226 aapepvdsid'
704 1145 722 1206 ὃ
750 1144 836 1207 πάνυ
868 1144 1002 1226 φαύλως
1032 1146 1096 1227 ἔχει
1130 1163 1206 1208 cum
1237 1140 1316 1230 quid
1347 1143 1410 1208 sibi
1440 1141 1532 1224 uelit,

253 1251 359 1336 primo
377 1234 477 1336 quasi
497 1249 619 1315 obtutu
642 1270 710 1314 non
734 1248 896 1334 adpareat
905 1247 930 1334 ²)
955 1251 1034 1314 sunt
1057 1249 1115 1335 qui
1138 1249 1312 1332 corrigant.
1351 1249 1477 1314 Tamen
1500 1247 1534 1314 id

253 1348 341 1433 quod
367 1350 419 1413 est
433 1346 595 1412 traditum
619 1345 823 1412 seruandum
839 1367 913 1412 esse
930 1347 1077 1413 arbitror.
1108 1348 1281 1413 Inuenitur
1298 1347 1384 1412 enim
1400 1350 1535 1432 φαύλως

254 1449 334 1530 ἔχειν
359 1446 457 1511 ‘male
489 1466 525 1510 se
548 1444 693 1526 habere',
725 1443 834 1508 ‘malis
865 1444 916 1509 uti
946 1445 1205 1511 condicionibus
1237 1448 1435 1531 usurpatum
1466 1466 1535 1510 non

256 1543 364 1609 solum
381 1542 420 1608 de
436 1542 626 1608 hominibus
650 1562 768 1607 uerum
785 1542 886 1607 etiam
904 1541 944 1607 do
965 1542 1065 1609 robus
1082 1542 1187 1609 ueluti
1204 1541 1293 1629 apud
1308 1541 1535 1608 Herodianum

255 1641 298 1707 ab
315 1662 384 1706 exc.
409 1639 474 1706 diu.
496 1639 593 1707 Marc.
614 1639 661 1706 13
685 1660 714 1725 p.
732 1641 762 1722 7,
776 1640 819 1704 25
842 1638 1079 1707 Mendelssohn
1103 1642 1170 1707 ἐπεὶ
1197 1643 1232 1706 δὲ
1254 1644 1354 1706 αὐτῶν
1375 1642 1432 1713 τὰς
1452 1641 1536 1724 πρὸς

255 1742 414 1823 σωτηρίαν
438 1741 566 1810 liuidae
581 1740 716 1822 φαύλως
739 1741 820 1823 ἔχειν
837 1741 1031 1804 ὑπώπτευεν.
1063 1739 1159 1806 Unde
1175 1739 1395 1805 Menandrum
1411 1739 1535 1805 dixisse

255 1836 342 1902 malo
367 1858 402 1902 so
426 1836 549 1903 habere
572 1838 636 1902 ie.
660 1835 891 1901 difficillimam
922 1857 997 1902 csse
1022 1837 1285 1903 consolationem
1307 1836 1450 1902 forsitan
1474 1835 1535 1902 ali·

255 1935 329 2020 quis
354 1933 540 2000 concludat.
587 1935 632 1999 At
655 1934 787 2016 longius
811 1934 956 2019 repetita
979 1936 1031 2001 est
1055 1936 1139 2001 haec
1160 1935 1402 2021 interpretatio,
1434 1953 1536 2021 quam

255 2035 294 2097 ut
321 2053 403 2097 uera
435 2053 508 2098 esso
540 2031 703 2098 uideatur.
756 2032 874 2117 Itaque
905 2033 1029 2098 rectius
1068 2054 1109 2099 ex
1140 2032 1372 2118 Aristophanis
1404 2032 1535 2118 profici-

256 2131 378 2196 scimur
394 2129 551 2212 dictione;
583 2130 640 2218 qui
662 2129 754 2194 haud
777 2130 893 2215 paucis
916 2130 998 2196 locis
1022 2133 1157 2215 φαύλως
1180 2151 1237 2216 pro
1262 2133 1393 2214 ῥαιδίως
1416 2128 1535 2196 ‘facile’

257 2227 345 2308 dicit,
370 2227 491 2312 quibus
516 2227 556 2292 de
579 2227 659 2292 locis
684 2225 871 2313 disputauit
893 2227 988 2294 Koclr
1017 2229 1059 2294 ad
1081 2228 1140 2315 Eq.
1157 2229 1230 2295 213.
1276 2229 1538 2314 Interpretamur

255 2325 356 2408 igitur
380 2328 398 2389 δ
421 2327 505 2390 πάνυ
529 2327 663 2409 φαύλως
686 2328 749 2409 ἔχει
771 2323 816 2390 ‘id
848 2325 936 2411 quod
967 2325 1162 2392 facillimum
1187 2330 1249 2392 est’
1274 2327 1381 2393 etita
1404 2326 1537 2412 quidem

256 2427 295 2488 ut
319 2443 396 2488 cum
411 2421 677 2488 dissimulatione
693 2422 776 2488 haec
792 2422 897 2488 uerba
913 2422 976 2489 dici
993 2427 1184 2491 statuamus
1201 2425 1239 2491 ol.
1256 2446 1287 2492 u.
1302 2425 1347 2490 48
1369 2421 1536 2514 χρησ[τῶς]

255 2523 349 2586 πάνυ.
396 2521 501 2586 Uenio
532 2521 574 2586 ad
608 2524 751 2605 ἀνέστησ’
775 2541 806 2586 u.
823 2520 875 2604 62,
909 2522 1003 2587 cuius
1034 2522 1128 2588 uerbi
1157 2543 1277 2606 genero
1308 2523 1416 2589 modio
1448 2523 1536 2608 quod

257 2611 455 2713 nuncupant
477 2627 660 2693 Menander
687 2627 794 2693 utitur
825 2626 868 2692 ad
900 2628 1157 2712 significandum
1188 2650 1274 2713 eum,
1307 2631 1364 2717 qui
1387 2628 1536 2696 delecto

258 2726 364 2808 surgit
386 2724 424 2796 fr.
441 2725 484 2791 67
493 2726 532 2790 K.
557 2724 638 2790 OAF
653 2725 697 2790 ΠΙ
719 2746 749 2811 p.
766 2726 809 2791 23

1120 2826 1196 2910 ὅλην
1220 2829 1367 2909 ἐπίνομεν

471 2922 527 3005 τὴν
550 2923 647 2986 νύκτα
672 2922 722 2985 διὰ
746 2924 780 2987 σὲ
803 2923 858 2986 καὶ
881 2924 998 3006 σφόδρ’
1023 2925 1170 3006 ἄκρατόν,
1193 2949 1250 3007 μοι
1274 2925 1372 2989 δοκῶ.

472 3021 638 3102 ἀνίσταμαι
661 3027 739 3102 γούν
761 3023 907 3102 τέτταρας
930 3021 1072 3103 κεφαλὰς
1096 3024 1180 3104 ἔχων

259 3136 294 3199 et
309 3133 457 3198 actiuum
474 3155 580 3216 genus
597 3133 637 3200 de
655 3155 693 3199 oo
715 3134 795 3201 dicit
810 3135 876 3220 qui,
902 3136 941 3199 ut
957 3134 1078 3222 aliquis
1099 3139 1225 3219 surgat,
1251 3135 1356 3202 efficit
1370 3136 1409 3202 tr.
1426 3136 1491 3202 164
1498 3135 1538 3200 Κ.

473 3337 524 3420 ἆρ’
549 3340 612 3402 ἐστὶ
634 3340 764 3403 πάντων
787 3341 944 3421 ἀγρυπνία
967 3341 1155 3423 λαλίστατον,

472 3436 529 3518 ἐμὲ
552 3443 630 3518 γοῦν
653 3438 853 3519 ἀναστήσασα
878 3438 966 3520 ὄαυρὶ
988 3440 1159 3521 προάγεται

472 3533 576 3597 λαλεῖν
599 3535 654 3597 ἀπ’
679 3536 779 3618 ἀρχῆς
801 3536 902 3599 πάντα
925 3535 980 3600 τὸν
1003 3538 1142 3620 ἐμαυτοῦ
1164 3539 1243 3619 βίον.

259 3648 352 3728 Quae
377 3667 453 3712 cum
474 3647 525 3712 ita
549 3647 618 3714 sint
632 3648 695 3714 hoo
711 3670 842 3736 quoque
858 3648 930 3716 loco
951 3649 1074 3736 dequo
1098 3652 1208 3734 agitur
1233 3651 1372 3717 uerbum
1396 3654 1539 3736 ᾶνέστησ’

260 3745 411 3810 similiter
441 3745 593 3831 usurpari
624 3744 757 3812 uidetur
787 3768 829 3813 ea
852 3750 967 3813 tamen
998 3769 1033 3814 re
1056 3750 1199 3831 mutata,
1233 3752 1273 3813 ut
1296 3769 1399 3816 senex
1428 3770 1541 3815 none

261 3863 378 3909 somno
403 3842 577 3926 excitetur,
602 3842 661 3909 sed
680 3843 885 3930 aliquamdiu
900 3847 1064 3930 tanquam
1086 3846 1173 3912 lecto
1197 3845 1332 3912 adfixus
1355 3866 1445 3912 nunc
1468 3867 1539 3912 am-

260 3939 376 4005 bulare
407 3940 545 4026 incipiat
576 3942 613 4007 ct.
638 3941 829 4024 (Demosth.)
858 3941 931 4007 LIX
954 3943 996 4011 76
1023 3964 1054 4028 p.
1079 3943 1173 4028 1364,
1183 3944 1226 4009 25
1257 3947 1305 4016 ὡς
1336 3945 1396 4028 γὰρ
1428 3947 1539 4029 ἀνέστη

262 4040 388 4121 τάχιστα
418 4040 452 4112 ἐξ
479 4041 599 4124 ἐκείνης
629 4047 684 4124 τῆς
715 4043 879 4112 ἀσθενείας
907 4043 1065 4124 Φράστωρ
1095 4044 1150 4107 καί
1180 4044 1330 4127 ἀνέλαβεν
1360 4043 1459 4108 αὑτὸν
1487 4044 1541 4107 καί

368 4223 387 4293 ¹)
407 4224 514 4279 Eodem
537 4225 622 4280 modo
648 4227 749 4280 tertius
774 4230 804 4280 et
822 4230 938 4297 quartus
961 4227 1080 4281 trimetri
1097 4227 1184 4297 pedes
1210 4228 1359 4299 compositi
1382 4231 1451 4283 eunt
1468 4227 1542 4283 Men.

260 4304 295 4359 fr.
314 4304 419 4358 lde.
439 4304 508 4359 CAF
520 4305 558 4359 III
576 4323 603 4376 p.
616 4305 651 4360 25
670 4303 722 4357 ἕατ’
741 4304 817 4375 ἔργον
835 4305 917 4376 aipein
934 4304 1078 4377 πρόφασιν,
1098 4303 1211 4377 ὀλέθρου
1230 4303 1255 4359 d'
1264 4306 1376 4378 εύττορον

260 4384 334 4438 Men.
353 4384 388 4439 fr.
401 4384 462 4449 572,
473 4383 486 4438 l
497 4384 532 4440 K.
551 4384 620 4439 (λΑλίἸ
638 4385 677 4439 Ill
695 4403 722 4456 p.
737 4385 788 4440 175
806 4383 871 4438 ὅταν
888 4406 915 4438 τι
932 4385 1061 4456 πράττηιτ
1078 4385 1151 4439 ὅσων
1169 4387 1275 4457 ἀγαθὴν
1293 4384 1388 4440 ἐλπίδα

192 4487 199 4496 -
260 4464 333 4519 Men.
352 4464 387 4518 fr.
400 4463 451 4519 681
463 4464 497 4519 Κ.
516 4464 585 4519 GAF
599 4466 638 4519 111
656 4481 684 4536 p.
698 4465 750 4520 188
768 4465 856 4522 σύθεὶς
874 4463 915 4534 ἐφ’
926 4466 1006 4519 adro&
1022 4465 1056 4519 τὰ
1074 4465 1143 4519 κακὰ
1161 4473 1274 4537 οννορᾶι,
1293 4464 1429 4536 Πάμφιλε.

368 4544 388 4612 ²)
406 4544 503 4616 Neque
522 4544 596 4600 enim
614 4545 778 4600 crediderim
796 4551 873 4602 recte
886 4547 1037 4602 Britannos
1053 4548 1171 4603 uertisse
1189 4545 1358 4603 ‘comforted
1376 4549 1435 4603 him
1453 4548 1544 4603 about

261 4622 312 4678 the
330 4624 436 4680 serious
456 4624 602 4681 character
620 4624 719 4680 ottho
738 4623 818 4680 caee’.
