3442 5130
720 360 989 451 --45---v

187 541 322 625 teIlego,
357 561 415 606 cur
446 560 514 606 van
546 539 716 605 Leeuwen
751 537 896 604 editores
926 536 1137 604 Britannicos
1169 538 1324 623 opinetur
1354 535 1472 602 ‘ridere

188 640 385 723 relegentes,
410 658 498 724 quae
522 635 562 702 de
586 638 639 702 his
661 636 816 702 uersibus
839 635 1067 722 scripserunt:
1099 635 1140 701 ‘lt
1162 636 1191 700 is
1215 633 1260 701 all
1284 655 1364 700 over
1387 633 1472 703 with

188 737 266 804 him.
305 736 368 804 We
393 734 520 802 cando
544 735 687 818 nothing
709 734 772 800 hut
794 734 881 799 raise
905 733 1028 816 along
1050 733 1196 798 lament'
1242 731 1358 818 Neque
1382 734 1472 798 enim

190 857 231 902 ex
247 835 329 901 artis
345 832 583 917 grammaticae
602 831 732 898 ratione
753 853 862 917 neque
880 852 897 896 e
918 831 1162 897 sententiarum
1186 829 1299 896 ordine
1323 851 1363 896 ac
1386 831 1471 896 serie

188 935 333 1019 possunt
364 931 440 996 duci
464 933 663 1014 argumenta
686 929 808 1015 quibus
840 928 970 996 illorum
1002 929 1172 996 sententia
1201 929 1373 1011 refutetur,
1405 929 1473 995 nisi

188 1031 275 1097 forte
306 1028 438 1114 estqui
461 1032 547 1113 ἔλιφ’
572 1029 678 1093 ‘uixit’
702 1049 760 1114 pro
784 1029 948 1093 ‘mortuus
977 1031 1039 1093 est'
1063 1027 1217 1112 usurpari
1248 1029 1359 1109 neget,
1392 1027 1473 1112 quia

189 1128 300 1194 desint
335 1127 496 1213 exempla.
542 1127 590 1191 At
621 1125 784 1192 Graecam
819 1146 894 1191 esse
924 1125 1013 1190 hanc
1046 1123 1249 1191 locutionem
1283 1124 1382 1190 testis
1418 1127 1472 1190 est

188 1225 341 1310 Plautus,
366 1226 423 1310 qui
439 1247 457 1290 e
475 1223 593 1290 Graeci
608 1223 724 1290 comici
735 1225 757 1306 ²)
773 1223 961 1289 imitatione
976 1222 1096 1288 Pseud.
1113 1221 1178 1288 309
1188 1243 1257 1309 sqq.
1273 1222 1358 1288 haec
1374 1220 1470 1288 dixit:

938 1345 1032 1430 ‘th
1057 1367 1102 1412 an
1124 1347 1192 1413 iam
1216 1347 1403 1413 mortuost‘?
1427 1345 1472 1435 qt

411 1446 497 1513 Utut
513 1449 575 1532 est,
592 1445 674 1512 mihi
691 1445 824 1532 quidem
840 1445 986 1532 proiecto
1002 1464 1078 1510 cum
1093 1445 1167 1510 istis
1184 1443 1280 1510 dictis
1296 1447 1471 1511 mortuost

410 1545 487 1611 Ilico
512 1545 599 1610 uixit
621 1548 762 1628 amator,
787 1543 846 1609 ubi
868 1542 980 1609 lenoni
1004 1541 1188 1629 supplicat?

188 1671 313 1738 Uerum
335 1670 436 1753 igitur
460 1690 533 1735 esse
557 1672 644 1753 ἔζησ’
668 1669 818 1754 adparet,
843 1689 918 1734 cum
934 1666 1131 1754 praesertim
1147 1667 1287 1733 feliciter
1309 1669 1473 1750 congruat

189 1791 264 1835 cum
307 1769 412 1834 totius
450 1766 515 1833 loci
560 1765 760 1832 condicione.
815 1765 1072 1848 Elegantissime
1119 1765 1208 1831 euim
1243 1765 1471 1852 depinguntur

188 1885 360 1932 seruorum
407 1864 623 1931 barbarorum
663 1863 735 1929 duri
775 1863 879 1930 enimi
918 1867 1020 1949 atque
1054 1863 1243 1947 inhumaui3
1286 1865 1342 1950 qui
1382 1862 1472 1929 serui

189 1964 339 2047 gaudent
366 1964 472 2047 magis
496 1962 543 2028 eri
571 1961 764 2028 calamitate
788 1982 889 2047 quam
920 1963 1072 2026 maerent
1099 1981 1208 2048 neque
1236 1960 1385 2026 officium
1410 1958 1471 2025 ud-

187 2061 327 2128 iuuandi
343 2063 404 2126 aut
419 2059 620 2126 subleuandi
636 2061 682 2126 eri
696 2062 845 2142 tuentur,
859 2058 918 2125 sed
935 2059 1031 2145 quasi
1046 2058 1114 2123 iam
1130 2062 1298 2124 mortuum
1311 2057 1471 2123 deserunt

189 2181 266 2226 eum
299 2179 425 2225 omnes.
477 2159 623 2240 Quorum
654 2157 825 2224 atrocitati
855 2158 1033 2244 opponitur
1064 2157 1289 2223 adulescentis
1321 2177 1401 2222 cura
1431 2177 1472 2222 ac

189 2257 362 2340 diligentia
383 2277 439 2322 uu.
456 2257 499 2322 58
508 2276 577 2340 sqq.
619 2257 668 2321 Ac
689 2278 720 2322 u.
737 2255 780 2321 58
804 2252 940 2344 ο[ῑο]ν[εὶ]
964 2259 1055 2320 recte
1078 2275 1153 2320 esse
1177 2254 1369 2341 suppletum
1391 2274 1469 2336 cog-

187 2384 307 2430 nosces
331 2384 374 2428 ex
396 2362 532 2448 Antiph.
555 2361 593 2427 fr.
610 2362 714 2445 231,6
727 2362 765 2428 K.
790 2361 917 2428 OAllH
939 2384 968 2448 p.
989 2361 1051 2427 113

401 2478 438 2542 τὰ
463 2480 492 2542 δ’
506 2479 705 2543 ἀντιτείνονθ’
723 2480 818 2543 οἱονεὶ
842 2480 939 2562 δίψαν
961 2478 1028 2542 τινὰ

402 2581 422 2660 ἢ
447 2577 599 2661 ξηρασίαν
622 2577 727 2660 σχόντ’
744 2577 936 2660 αὐτόπρεμν’
953 2577 1130 2640 ἀπόλλυται.

189 2693 255 2759 Sed
286 2692 327 2758 de
350 2714 382 2757 u.
404 2692 447 2759 59
476 2693 621 2757 exeunte
654 2690 845 2773 diligentius
876 2689 1105 2776 quaerendum
1136 2693 1201 2773 est;
1235 2711 1315 2755 nam
1350 2694 1470 2775 πατέρα

188 2787 474 2880 magumque]
498 2788 587 2876 quod
610 2810 679 2854 van
703 2788 872 2855 Leeuwen
903 2789 1045 2855 coniecit
1066 2791 1243 2874 propterea
1265 2809 1333 2854 non
1356 2790 1471 2875 potest

191 2996 403 3078 agnouerunt
425 2993 588 3077 Britanni,
614 2992 732 3060 deinde
755 2992 910 3059 ΡΘΟΣΑ
932 2992 1041 3075 legere
1066 2993 1129 3059 sibi
1152 2992 1362 3060 uidebantur.
1401 2992 1471 3058 Nec

188 3121 269 3168 uero
299 3097 546 3189 ἀπορθ<ώ>σα[ς
560 3099 664 3190 πάλιν]
688 3085 776 3187 quod
792 3083 833 3166 hi'
851 3084 1092 3188 suppleuerunt
1115 3101 1149 3165 et
1165 3101 1339 3166 uerterunt
1362 3099 1470 3165 ‘lifted

188 3208 258 3272 him
274 3211 328 3294 up’
346 3191 485 3273 omnino
497 3192 615 3294 placet.
646 3207 734 3273 Nam
748 3206 837 3273 hanc
852 3206 1133 3291 significationem
1148 3228 1214 3292 quo
1231 3205 1328 3272 modo
1345 3206 1470 3273 habere

188 3304 297 3391 possit
319 3307 490 3389 ἀπορθοῦν
514 3303 606 3370 nullo
629 3303 816 3371 illustratur
839 3305 1025 3391 exemploll
1071 3305 1189 3391 ltaque
1220 3325 1296 3370 cum
1319 3325 1469 3390 praeser-

188 3405 249 3468 tim
280 3401 321 3468 de
352 3402 432 3468 solis
462 3402 583 3469 litteris
609 3403 711 3467 AHO
743 3406 875 3469 constet
904 3403 1052 3490 reliquae
1089 3403 1158 3468 sint
1187 3403 1344 3486 incertae,
1382 3403 1471 3468 sitne

189 3502 389 3584 ἀπορθώοος
410 3503 500 3565 recte
525 3501 684 3586 scriptum
708 3498 861 3566 dubitare
888 3500 968 3567 licet
993 3504 1027 3566 et
1050 3499 1147 3566 aliter
1169 3521 1305 3566 uersum
1329 3500 1469 3585 explere.

188 3598 292 3683 Atqui
316 3619 346 3665 u.
368 3597 411 3664 60
423 3619 470 3683 sq.
494 3598 606 3664 uerbis
629 3600 783 3674 ἀπένιζεν,
814 3606 926 3682 φαγεῖν
953 3602 1132 3683 προσέφερε
1163 3619 1265 3685 quam
1296 3597 1472 3680 diligenter

189 3693 387 3761 adulescens
419 3715 483 3778 ero,
513 3694 592 3761 dum
624 3697 698 3761 erat
721 3694 776 3761 ille
799 3697 965 3780 aegrotus,
998 3696 1175 3780 emanent,
1207 3695 1319 3761 uerbis
1342 3696 1469 3779 ἤλειφεν

189 3795 343 3877 ἕξέτριβεν
360 3813 425 3878 quo
448 3793 546 3858 modo
571 3793 644 3858 seni
665 3795 733 3858 iam
757 3793 1006 3860 conualescenti
1029 3815 1164 3880 operam
1189 3792 1315 3859 dederit
1338 3792 1471 3877 dicitur;

188 3890 370 3973 unguentis
395 3891 482 3956 enirn
507 3891 555 3973 (cl.
572 3892 707 3975 ἤλειφεν)
731 3891 872 3958 uulnera
895 3890 997 3957 oblini
1019 3912 1089 3958 non
1105 3891 1260 3958 solebant
1274 3891 1471 3978 priusquam

189 3987 233 4053 ad
268 3988 450 4054 sanitatem
486 3991 677 4074 spectarent
711 3987 751 4054 cf.
785 3989 936 4075 Hippocr.
967 3991 1039 4073 περὶ
1069 3992 1172 4055 ἑλκῶν
1200 3988 1284 4056 Med.
1313 3987 1366 4056 Gr.
1394 3987 1469 4054 Xlll

187 4106 218 4172 p.
244 4084 311 4150 310
344 4085 461 4151 Ksrhn:
503 4088 606 4151 ἔλαιον
638 4088 673 4152 dd
706 4089 761 4152 nal
796 4089 855 4152 ὅσα
889 4089 1111 4171 μαλθακωόέα
1141 4093 1161 4172 ἢ
1198 4089 1352 4152 clarence
1389 4088 1470 4152 ἐστὶν

189 4186 347 4268 φάρμακα
379 4186 418 4248 οὐ
449 4186 603 4268 ξυμφέρει
637 4192 734 4250 τοῖσιν
769 4187 953 4250 τοιούτοισιν
984 4187 1103 4250 ἕλκεσιν
1137 4190 1176 4271 ἢν
1208 4188 1253 4269 μὴ
1287 4188 1372 4251 πάνυ
1404 4186 1468 4268 ἤδη

188 4335 402 4346 ——-—-—..-

296 4421 315 4492 1)
333 4421 446 4493 Diphili,
465 4421 593 4489 arbitror,
620 4421 687 4494 quia
711 4423 858 4494 primarias
875 4423 935 4479 lere
953 4426 1050 4494 partes
1074 4423 1136 4494 egit
1153 4424 1226 4490 leno,
1252 4425 1288 4480 cf.
1307 4440 1335 4495 p.
1347 4423 1391 4490 72,
1410 4422 1469 4478 Mc·

189 4502 289 4556 nandri
308 4501 440 4574 opinetur
458 4503 525 4567 Leo,
544 4501 637 4557 Plaut.
656 4504 773 4559 llorsch.
791 4520 818 4575 p.
830 4503 910 4569 94,3.

295 4582 315 4649 ²)
334 4582 436 4637 uellem
454 4579 658 4668 ἀπορθ<ᾠ>οο[ς
676 4580 771 4653 σκέλος]
791 4584 911 4640 scribere
929 4585 953 4640 si
972 4585 1130 4658 exemplum
1141 4599 1255 4655 possem
1273 4582 1392 4648 adferre,
1413 4599 1470 4654 quo

189 4668 329 4741 ἀπορθοῦν
345 4669 421 4725 idem
438 4656 537 4727 ualere
552 4687 586 4727 oc
603 4672 763 4742 κοθορθοῦν
780 4671 956 4728 'einrichtcn'
975 4673 1044 4729 sctis
1063 4675 1130 4745 apte
1149 4673 1396 4728 demonstraretur.
