3448 5134
707 379 953 447 -107-

189 559 323 646 priuata
352 561 543 645 exponeret,
574 560 648 624 tum
678 578 744 644 quo
775 556 873 624 modo
905 559 951 623 eri
981 555 1142 623 desiderio
1172 557 1247 643 ipsa
1276 555 1474 622 subueniret

190 656 398 724 deliberaret.

297 755 368 820 Iam
391 752 429 820 fr.
445 754 509 820 627
534 752 573 820 K.
591 753 671 820 OAF
695 753 739 818 III
761 775 791 839 p.
810 753 873 820 187
909 809 913 819 .

404 855 442 917 οδ
467 854 527 936 γὰρ
550 853 585 917 τὸ
608 853 742 936 πλῆθος,
766 855 805 916 ἂν
829 859 946 936 σκοπῆι
967 877 1020 927 τις,
1043 858 1100 917 τοῦ
1123 853 1223 916 πότου

402 959 477 1016 ποεῖ
495 957 665 1034 παροινεῖν,
687 957 744 1014 τοῦ
767 951 894 1021 πιόντος
917 951 982 1034 δή
1007 951 1109 1035 φύσις.

189 1048 314 1135 inquo
348 1047 537 1132 fragmento
573 1045 691 1113 eadem
722 1068 790 1113 uox
819 1055 980 1129 παροινεῖν
1004 1067 1090 1132 quae
1120 1047 1155 1112 in
1188 1047 1281 1112 carta
1304 1046 1346 1112 13
1371 1047 1405 1111 et
1428 1046 1471 1112 47

189 1145 322 1229 legatur
345 1167 408 1212 nec
430 1167 497 1211 non
522 1145 563 1212 de
588 1144 686 1210 simili
709 1167 744 1211 re
768 1145 822 1228 agi
844 1143 1010 1226 uideatur,
1036 1143 1080 1210 ad
1102 1145 1190 1210 hanc
1209 1143 1362 1208 fabulam
1384 1141 1471 1209 refe-

189 1243 329 1310 rendum
353 1265 427 1310 esse
451 1263 607 1309 censeam
639 1245 742 1329 atque
766 1245 814 1308 sic
836 1243 980 1308 fortasse
1004 1245 1044 1309 ut
1073 1243 1109 1307 in
1132 1241 1306 1328 conloquio
1330 1239 1396 1321 illo,
1430 1240 1471 1307 de

192 1363 256 1428 quo
280 1341 378 1408 modo
403 1341 557 1424 diximuS,
582 1361 673 1406 erum
689 1341 785 1407 Doris
809 1343 960 1406 excuset:
983 1344 1063 1406 ‘non
1088 1340 1222 1406 omnino
1246 1360 1322 1405 esse
1344 1337 1472 1405 malum

190 1461 253 1506 nec
290 1444 416 1506 natura
450 1442 552 1525 atque
586 1438 698 1506 indole
732 1437 927 1521 uiolentum,
964 1437 1023 1504 sed
1057 1446 1128 1503 tum
1152 1437 1256 1503 nimia
1278 1436 1350 1501 uini
1377 1437 1474 1522 copia

192 1538 319 1605 ebrium
352 1539 420 1604 irae
455 1537 559 1603 semel
593 1540 695 1623 atque
731 1537 948 1603 aemulationi
980 1535 1180 1618 indulsisse’,
1216 1533 1358 1622 Glycera
1388 1535 1473 1600 haec

190 1635 367 1722 repellat‚1)
401 1656 476 1701 cum
500 1638 535 1701 et
558 1634 625 1700 alia
656 1637 690 1700 et
713 1634 940 1718 fragmentum
963 1632 1061 1700 modo
1086 1635 1245 1719 scriptum
1267 1631 1472 1719 pronuntiat.

300 1732 365 1799 Sed
391 1731 479 1818 quod
503 1732 590 1799 Setti
612 1731 633 1799 l.
650 1754 674 1797 s.
698 1755 727 1819 p.
745 1732 810 1798 166
833 1731 871 1800 ir.
888 1733 954 1800 732
977 1733 1016 1798 K.
1033 1731 1115 1797 GAF
1138 1731 1181 1797 III
1204 1753 1234 1817 p.
1251 1731 1315 1795 207

404 1831 536 1914 κομψὸς
557 1834 755 1916 στρατιώτης,
779 1832 850 1895 οὐδ’
863 1834 902 1895 ἂν
926 1833 955 1896 εἰ
975 1832 1102 1895 πλάττοι
1124 1831 1211 1914 dedo,

406 1926 551 2018 οδ<δ>εὶς
574 1932 684 2013 γένοιτ’
701 1932 741 1994 δν

193 2048 235 2094 ex
257 2028 499 2093 Perioiromena
521 2030 715 2113 excerptum
738 2047 813 2092 esse
837 2025 1005 2112 opinatur:
1033 2024 1125 2092 haud
1148 2045 1277 2112 paucae
1300 2024 1474 2091 Menandri

192 2128 272 2192 sunt
306 2124 457 2207 fabulae,
495 2124 531 2189 in
563 2124 683 2211 quibus
718 2125 802 2190 talia
836 2123 899 2190 dici
933 2124 1064 2211 possint
1099 2124 1139 2189 de
1179 2123 1283 2188 milite
1322 2123 1473 2189 urbanae

191 2222 413 2289 humanitatis
437 2225 538 2308 atque
562 2222 749 2305 elegendae
772 2223 935 2309 imperito,
960 2223 1066 2289 ueluti
1084 2224 1195 2295 Ἀσπίς
1219 2222 1301 2288 OAF
1317 2221 1360 2286 III
1383 2245 1413 2308 p.
1429 2221 1474 2286 24

196 2321 390 2405 Θρασυλέων
412 2343 443 2407 p.
459 2321 502 2385 69
525 2321 644 2402 Κόλαξ,
673 2322 882 2405 Μισούμενος
905 2342 934 2406 p.
952 2320 994 2387 97
1008 2341 1076 2407 sqq.
1101 2322 1278 2404 Ξενολόγος
1300 2341 1330 2406 p.
1348 2320 1411 2385 103
1425 2341 1472 2406 sq.

191 2419 372 2490 Σικυώνιος
393 2440 424 2505 p.
444 2417 506 2483 126
519 2415 589 2503 sqq.
611 2419 806 2501 Στρατιώται
829 2440 858 2504 p.
874 2418 937 2484 128
951 2440 997 2505 sq.
1028 2419 1255 2503 Ψευδηρακλῆς
1278 2440 1307 2504 p.
1327 2417 1390 2484 148
1403 2440 1473 2504 sqq.

192 2516 321 2582 accedit
343 2517 399 2588 Δὶς
414 2519 580 2590 ἐξαπατῶν
601 2537 632 2602 p.
649 2515 692 2581 35
705 2537 751 2602 sq.
768 2517 803 2581 in
820 2537 887 2602 qua
909 2515 1027 2582 fabula
1046 2515 1185 2582 militem
1200 2514 1375 2582 inductum
1398 2537 1472 2582 esse

193 2635 211 2680 e
240 2613 354 2680 Plauti
385 2612 605 2679 Bacchidibus
627 2613 842 2696 intellegitur,
868 2614 907 2679 cf.
932 2613 1070 2697 Ritschl,
1102 2613 1246 2694 Parerga
1277 2636 1307 2700 p.
1324 2614 1389 2680 404
1402 2635 1471 2701 sqq.

191 2711 261 2777 Nec
293 2710 381 2797 quod
404 2710 442 2777 fr.
459 2711 524 2777 569
547 2710 586 2779 Κ.
604 2711 685 2778 OAF
708 2712 752 2777 III
774 2735 804 2800 p.
823 2712 887 2779 174
909 2713 1056 2796 Γλυκέρα
1088 2712 1254 2798 quaedam
1285 2710 1474 2798 adpellatur

193 2808 277 2874 satis
316 2829 475 2891 magnum
514 2813 586 2877 erat
620 2813 866 2894 argumentum,
906 2830 970 2897 quo
1005 2831 1088 2876 usus
1124 2809 1212 2877 Setti
1242 2809 1306 2876 hoc
1340 2830 1472 2896 quoque

192 2905 420 2989 fragmentum
436 2929 455 2972 e
471 2908 715 2974 Periciromena
734 2912 906 2994 sumptum
930 2929 1003 2974 esse
1023 2908 1188 2994 probaret.
1234 2908 1473 2991 Fragmentum

192 3025 272 3070 uero
296 3004 361 3070 674
385 3004 424 3071 K.
441 3003 523 3070 GAF
545 3006 590 3071 ΙΙΙ
611 3029 642 3092 p.
661 3007 724 3074 175

406 3105 435 3168 εἰ
455 3105 508 3168 καὶ
531 3105 647 3188 σφόδρ’
664 3108 775 3189 ἀλγεῖς,
798 3106 906 3190 μηδὲν
928 3106 1140 3188 ἠρεθισμένος

405 3203 541 3284 πράξηις
563 3210 738 3284 προπετῶς.
763 3205 860 3287 ὀργῆς
884 3203 944 3286 γὰρ
968 3203 1134 3285 ἀλογίστου
1157 3209 1282 3286 κρατεῖν

406 3301 440 3364 ἐν
462 3306 528 3370 ταῖς
549 3307 702 3383 ταραχαῖς
724 3301 856 3384 μάλιστα
879 3301 935 3366 τδν
957 3308 1122 3384 φρονοῦτα
1146 3302 1197 3365 δεῖ

192 3398 369 3482 propteroa
399 3395 477 3462 huic
510 3394 647 3462 fabulae
680 3396 849 3463 uindicare
883 3397 996 3480 nolim,
1029 3397 1126 3483 quod,
1164 3419 1239 3464 cum
1273 3397 1338 3463 hac
1368 3396 1409 3462 de
1438 3419 1473 3464 re

194 3496 339 3578 (πράξηις
361 3499 538 3578 προπετῶς)
574 3515 639 3580 quo
671 3493 769 3560 modo
802 3498 916 3561 actum
946 3495 1032 3561 site
1064 3498 1177 3562 ca1tae
1201 3519 1232 3563 u
1248 3496 1293 3561 42
1317 3495 1472 3577 sciamus

193 3590 336 3656 alteram
359 3611 517 3657 scaenam
540 3613 608 3678 qua
631 3590 672 3658 de
696 3591 814 3658 eadem
836 3614 872 3659 re
896 3594 1000 3660 uerba
1022 3593 1112 3659 fiant
1135 3614 1203 3660 non
1225 3594 1349 3660 inueni.

668 3877 992 4052 ῬΑΠΙΖΙῖλζδΙΕΝΗ.

1074 4095 1134 4158 οὐκ
1158 4096 1300 4178 ἕμβαρον

558 4192 586 4254 εἰ
606 4191 757 4274 ἕμβαρος.
782 4186 995 4277 ἀρχαϊσμὸ<ς>
1019 4187 1113 4262 οὗτος
1136 4194 1298 4276 ῥημάτων.

299 4327 445 4395 Lexicon
468 4329 618 4396 Sabbait.
645 4331 752 4413 18,16
798 4331 901 4416 Kock,
926 4333 988 4399 Rh.
1016 4332 1058 4399 M.
1082 4332 1136 4416 48,
1171 4333 1256 4400 1893
1290 4354 1320 4418 p.
1345 4333 1410 4398 588
1426 4353 1473 4418 sq.

192 4425 384 4510 Μένανδρος
408 4428 634 4512 Ῥαπιζομὲτκν
657 4429 715 4511 (sic
738 4451 796 4516 pro
815 4431 1045 4516 Ῥαπιζομένηι)
1071 4452 1098 4497 e.
1114 4453 1143 4518 q.
1160 4452 1184 4499 s
1209 4434 1269 4496 οὐκ
1294 4428 1474 4519 ἔμβαρο<ς>

301 4603 321 4674 ²)
338 4602 435 4675 Neque
459 4606 495 4660 ab
519 4605 573 4660 hac
592 4607 735 4662 sententia
762 4607 905 4674 abhorret,
934 4609 1010 4680 quod
1028 4607 1122 4679 paullo
1140 4609 1208 4678 post
1226 4607 1309 4662 Doris
1328 4609 1361 4674 ei,
1391 4611 1422 4662 ut
1445 4607 1475 4662 in

193 4683 314 4753 gretiam
335 4699 399 4738 cum
416 4685 570 4741 Polemone
588 4686 694 4752 redeat,
713 4687 874 4758 persuadet.
