3442 5130
719 359 941 425 „23-

188 538 333 627 Deponit
366 540 466 624 igitur
502 538 700 604 adulescens
736 557 891 604 coronam
925 537 959 602 in
996 557 1037 603 ea
1068 557 1212 604 scaenae
1242 540 1337 624 parte
1368 557 1469 623 quam

189 639 395 723 spectatores
426 637 555 703 hebent
587 636 631 702 ad
654 636 819 720 dextram3
853 636 935 722 ipse,
968 637 1008 700 ut
1039 656 1096 701 eos
1128 636 1185 720 qui
1216 657 1251 702 se
1286 639 1470 721 sequautur

190 735 343 822 decipiat,
373 735 416 801 ad
440 732 575 800 laeuam
600 734 673 800 abit
694 737 734 799 ut
757 754 892 800 seruum
916 734 1102 799 conueniat.
1140 733 1246 819 Atqui
1268 734 1345 799 huic
1372 754 1469 800 seruo

189 836 229 898 ut
251 833 392 916 remiges
417 832 452 897 in
476 830 702 898 deuersorium
725 830 860 917 aliquod
884 829 1021 896 duceret
1041 832 1221 917 imperauit
1243 853 1274 898 u.
1290 830 1369 897 436:

365 938 486 1005 ‘abduc
508 939 594 1005 istos
617 939 652 1004 in
674 937 851 1005 tabernam
876 939 1029 1004 actutum
1053 937 1297 1004 deuersoriam?

189 1067 298 1132 neque
327 1047 459 1131 estqui
490 1046 650 1112 tabernas
674 1045 709 1110 in
733 1066 817 1132 quas
848 1045 988 1128 remiges
1013 1044 1141 1110 deuerti
1169 1045 1301 1111 soleant
1331 1044 1367 1108 in
1397 1045 1469 1130 ipso

189 1147 287 1230 portu
311 1143 367 1210 uel
388 1144 424 1208 in
454 1144 537 1209 urbe
560 1143 653 1209 haud
674 1143 788 1229 procul
812 1164 833 1208 a
855 1145 954 1229 portu
978 1143 1061 1208 sitas
1094 1163 1168 1207 esse
1198 1145 1305 1225 neget.
1350 1141 1468 1228 Itaque

189 1242 224 1307 in
250 1243 383 1326 portum
414 1242 598 1329 urbemque
630 1240 888 1324 adulescentem,
921 1243 960 1306 ut
991 1261 1065 1305 cum
1097 1261 1194 1306 seruo
1226 1240 1467 1324 congrediatur,

190 1361 227 1406 se
255 1339 403 1405 conferre
439 1359 578 1406 necesse
611 1342 670 1406 est.
716 1339 801 1422 Ergo
833 1360 908 1404 cum
941 1337 984 1404 ad
1015 1359 1089 1405 eam
1119 1340 1258 1423 partem,
1295 1358 1396 1424 quarn
1426 1337 1470 1402 ad

189 1437 323 1503 laeuam
338 1437 490 1503 habeant
507 1438 722 1522 spectatores,
747 1458 824 1501 eum
841 1437 931 1502 abire
947 1435 1045 1502 modo
1060 1435 1332 1520 intellexerimus,
1352 1434 1469 1501 urbem

190 1537 380 1622 otpertum
411 1537 617 1621 spectatores
640 1533 768 1601 habent
799 1535 843 1600 ad
871 1534 1014 1601 laeuam.
1060 1534 1198 1600 Accedit
1220 1533 1354 1599 Terenti
1376 1533 1469 1599 locus

188 1632 288 1719 plane
313 1631 489 1699 dilucidus:
513 1631 615 1698 Andr.
632 1631 698 1700 734
707 1653 776 1719 sqq.
800 1653 919 1698 seruus
942 1631 1039 1698 haec:

630 1738 710 1822 ‘Ilgo
735 1761 866 1825 quoque
889 1739 967 1805 hinc
990 1740 1033 1805 ab
1058 1738 1197 1805 dextera

414 1836 534 1904 Uenire
558 1858 610 1903 me
635 1836 858 1921 adsimulabo;
881 1840 921 1903 tu
943 1838 983 1902 ut
1007 1837 1199 1903 subseruias

416 1933 575 2019 Orationi,
600 1937 828 2021 utquomque
853 1957 937 2022 opus
961 1936 1014 2008 sit,
1039 1934 1151 1999 uerbis
1175 1933 1272 1999 uide?

188 2041 208 2107 i.
226 2064 253 2108 e.
276 2041 448 2108 simulabit
470 2064 506 2108 se
532 2042 691 2109 aduenire
723 2043 766 2108 ab
798 2063 839 2108 ea
861 2045 956 2129 parte
981 2062 1082 2128 quarn
1114 2043 1320 2127 spectatores
1343 2041 1471 2106 habent

190 2139 234 2204 ad
260 2139 402 2206 laeuam.
447 2140 552 2226 Atqui
576 2163 608 2206 u.
624 2140 768 2226 744sqq.
793 2141 889 2228 quasi
913 2161 935 2205 a
957 2138 1028 2205 ioro
1052 2138 1220 2225 profectus
1245 2140 1290 2204 sit
1313 2159 1349 2205 se
1372 2139 1470 2222 gerit:

789 2317 793 2324 Ι
999 2246 1061 2329 ‘Di,
1086 2249 1236 2312 uestram
1259 2244 1368 2330 fidem,

280 2344 364 2426 Quid
387 2345 542 2410 turbaest
566 2343 655 2431 apud
677 2343 810 2410 forum?
834 2343 913 2430 quid
935 2343 1001 2409 illic
1024 2343 1198 2409 hominum
1220 2344 1403 2428 litigant'1)

190 2450 348 2538 Sequitur
370 2453 411 2516 ut
432 2450 559 2533 urbem,
590 2451 625 2516 in
650 2471 716 2536 qua
738 2451 848 2517 forum
873 2451 917 2517 sit
940 2452 1052 2535 situm,
1086 2452 1291 2536 spectatores
1319 2451 1471 2516 habeant

190 2549 233 2615 ad
255 2547 398 2614 laeuam.

297 2645 363 2712 Sed
381 2645 466 2713 haec
485 2647 659 2715 hactenus.
694 2645 806 2712 Redeo
831 2647 875 2713 ad
898 2651 1036 2732 cartam,
1062 2647 1155 2713 cuius
1171 2645 1249 2713 inde
1271 2669 1292 2712 a
1312 2667 1412 2712 uersu
1428 2649 1471 2712 22

189 2765 281 2812 noua
319 2742 483 2831 quaedam
525 2744 641 2831 incipit
679 2747 842 2827 macuati
900 2746 949 2810 Ac
982 2744 1073 2812 foras
1112 2744 1277 2832 prodeunt
1314 2743 1472 2811 Philinna

191 2863 276 2908 anus
302 2842 351 2923 (cf.
367 2864 399 2908 u.
415 2843 458 2908 22
482 2845 517 2908 et
540 2865 571 2908 u.
588 2842 631 2909 54
655 2846 759 2909 σιώπα
784 2845 945 2927 γράιόιον),
971 2842 1010 2909 de
1034 2843 1129 2909 cuius
1151 2842 1262 2910 indole
1287 2864 1326 2909 ac
1348 2848 1472 2911 natura

191 2940 320 3022 egregie
344 2939 604 3025 disputauerunt
630 2940 750 3007 Kaibel
778 2940 798 3006 l.
822 2962 847 3007 s.
875 2964 905 3028 p.
931 2940 995 3007 154
1026 2945 1061 3007 et
1087 2940 1249 3008 Dziatzlro
1279 2963 1309 3027 p.
1330 2941 1405 3025 507,
1437 2944 1472 3008 et

191 3037 297 3104 altera
320 3036 485 3123 quaedam
513 3037 640 3104 femina
670 3040 777 3104 minor
807 3039 902 3122 natu,
935 3059 1022 3125 quae
1046 3039 1089 3104 ab
1112 3038 1170 3104 illa
1193 3061 1223 3104 u.
1240 3041 1283 3105 25
1308 3040 1337 3105 ὦ
1359 3044 1470 3105 τέκνον

191 3135 385 3221 adpellatur.
431 3133 528 3200 Hanc
551 3139 667 3202 autem
690 3136 914 3202 adulescentis
943 3157 1017 3202 esse
1042 3137 1183 3202 amicam
1207 3136 1381 3203 contendit
1402 3158 1471 3204 van

189 3231 358 3300 Leeuwen
388 3254 419 3319 p.
444 3233 508 3299 300
543 3238 739 3317 argumento
774 3255 842 3300 non
876 3234 1000 3300 adlato.
1039 3235 1092 3300 At
1125 3234 1282 3301 Philinna
1319 3256 1394 3301 cum
1430 3234 1470 3302 de

191 3330 299 3396 amica
321 3329 467 3416 loquitur
494 3353 578 3397 uoce
600 3333 657 3416 τὴν
680 3335 783 3418 κόρην
806 3333 913 3398 utitur
936 3356 967 3399 u.
984 3331 1036 3430 30,
1068 3332 1102 3398 id
1125 3333 1212 3419 quod
1244 3354 1312 3399 non
1334 3331 1470 3418 faceret,

191 3429 220 3493 si
243 3449 319 3494 cum
341 3428 416 3515 ipsa
437 3428 496 3494 illa
519 3428 661 3496 haberet
684 3430 892 3517 colloquium.
937 3432 1055 3518 ltaque
1079 3432 1221 3497 amicam
1251 3452 1320 3497 uon
1350 3431 1469 3498 adesse

190 3524 263 3591 luce
299 3527 352 3591 est
394 3526 523 3592 clarius,
578 3528 652 3609 Qua
686 3527 726 3593 de
762 3549 866 3594 causa
899 3528 1009 3596 facere
1051 3550 1120 3595 non
1154 3550 1347 3616 possumus,
1391 3531 1471 3615 quin

189 3621 427 3689 Dziatzkonem
462 3626 569 3690 secuti
592 3625 796 3712 Myrrhinam
827 3630 1018 3692 matronam
1028 3628 1061 3711 ⁸),
1094 3647 1180 3713 quae
1214 3627 1300 3693 infra
1331 3649 1361 3693 u.
1382 3628 1471 3694 41a

191 3741 287 3786 seruo
319 3720 496 3807 salutetur,
532 3723 601 3789 iam
630 3744 720 3789 nunc
751 3724 786 3788 in
821 3745 946 3790 scaena
977 3726 1104 3790 uersari
1139 3727 1174 3790 et
1208 3746 1284 3790 curn
1313 3725 1469 3792 Philinna

191 3817 332 3905 colloqui
348 3821 549 3887 statuamus.
582 3819 652 3886 Nec
668 3820 850 3908 quidquam
864 3823 969 3888 habet
984 3821 1181 3889 offensionis
1197 3845 1228 3889 u.
1245 3824 1287 3888 25
1304 3823 1333 3888 ὦ
1349 3826 1468 3908 τέκνον,

299 4024 316 4092 ¹)
337 4039 419 4094 quem
437 4041 550 4079 uersum
569 4025 733 4080 Fleckeisen
752 4025 791 4079 sic
811 4027 944 4082 correxit:

351 4101 443 4174 ‘Apud
461 4103 554 4159 iorum
574 4105 641 4176 quid
660 4106 808 4160 turbaest?
838 4106 904 4176 quid
922 4107 980 4162 illic
998 4107 1143 4162 bominum
1161 4106 1310 4177 litigantl’

298 4183 317 4252 ⁸)
336 4182 367 4238 ln
386 4199 443 4255 qua
462 4200 525 4238 cum
550 4184 661 4254 singula
679 4186 766 4240 uerba
791 4186 909 4256 singulis
928 4187 1053 4258 personis
1071 4189 1148 4243 recte
1166 4188 1295 4242 Britanni
1312 4187 1469 4252 tribuerint,

189 4261 305 4331 longum
324 4266 369 4318 est
387 4269 453 4318 ecta
472 4268 633 4319 retractare.

298 4344 317 4412 ³)
336 4343 479 4413 Myrrhina
510 4349 642 4399 matrona
669 4345 811 4400 inuenitur
837 4345 930 4402 Plaut.
951 4347 1012 4402 Cas.
1039 4346 1219 4415 17011‚1000
1243 4347 1469 4412 desecatae,

192 4437 262 4477 anus
281 4422 397 4479 'l'imocl
416 4423 450 4478 fr.
470 4423 548 4479 25Κ.
568 4425 636 4479 CAF
649 4427 674 4480 ll
692 4443 719 4496 p.
732 4426 799 4481 462:
1345 4477 1346 4482 ,

583 4501 682 4558 εὕδουσι
699 4512 775 4578 γρᾶες
794 4537 828 4544 -
848 4536 882 4544 -
901 4537 935 4544 -
954 4505 1075 4578 Μυῤῥίνη

193 4579 229 4634 ol.
241 4581 367 4648 Bechtel‚
384 4583 435 4638 Die
455 4584 598 4639 attiscben
611 4585 824 4641 Frauennemen
837 4603 864 4657 p.
879 4586 944 4653 103;
963 4587 1101 4642 Kirchner
1115 4587 1132 4641 l.
1147 4603 1167 4641 e.
1181 4587 1234 4642 No.
1249 4585 1469 4642 10480-10489

192 4659 217 4714 II
235 4677 261 4731 p.
276 4661 389 4734 107sq.;
408 4664 551 4736 Aristoph.
572 4666 636 4736 Lys.
649 4667 693 4721 70.
