3448 5134
714 367 931 434 ..75-

178 564 253 612 cum
273 543 525 630 interpretatur:
549 543 636 610 ‘Und
654 564 756 611 wenn
772 564 807 610 er
822 544 914 610 scine
931 543 1080 610 Sklaven
1096 543 1233 630 schickt,
1252 545 1304 612 die
1319 546 1462 614 machon

177 643 241 709 wir
270 640 423 708 vollends
454 641 557 708 leioht
587 663 628 707 nu
652 640 849 708 Schanden?
896 641 983 708 Nam
1006 643 1090 709 haec
1112 643 1344 730 interpretatio
1368 647 1460 711 stare

178 741 295 827 nequit
317 740 384 804 nisi
406 742 524 811 παῖδας
545 739 580 805 in
605 742 699 806 carta
719 741 879 826 scriptum
894 741 997 807 inisse
1014 737 1292 827 comprobabitur,
1315 740 1350 806 id
1374 739 1461 828 quod

178 841 353 925 propterea
372 837 446 903 fieri
461 858 530 904 non
545 840 667 922 potest,
693 838 772 924 quia
794 839 861 902 HA
886 841 921 904 et
935 839 1000 902 ΕΣ
1020 859 1056 904 se
1080 838 1205 905 uidisse
1228 838 1381 906 Britanni
1401 838 1462 906 ad-

178 935 324 1000 firmant
370 935 508 1001 Accedit
532 936 620 1021 quod
645 939 679 1001 et
701 938 779 1022 post
800 937 980 1000 ΠΑΙΔΕΣ
1001 940 1035 1002 et
1058 939 1139 1002 ante
1162 937 1338 1001 ΠΑῙΔΕΣ
1357 939 1462 1003 inter-

178 1043 299 1128 punxit
321 1041 483 1107 librarius.
530 1041 596 1107 Sed
626 1042 766 1107 forsitan
797 1042 852 1108 hic
872 1028 1001 1109 'uersus
1034 1043 1081 1108 sic
1110 1027 1335 1129 possit'uerti
1363 1048 1463 1130 ‘quos

179 1143 218 1206 tu
235 1140 381 1223 cauebis,
406 1160 478 1221 noe,
504 1140 637 1223 oserui,
662 1138 706 1205 ad
720 1140 983 1208 internecionem
1007 1140 1214 1224 oaedemus';
1241 1162 1349 1227 neque
1374 1142 1463 1207 enim

181 1259 238 1303 cur
268 1259 336 1304 non
366 1237 496 1303 lenonis
528 1237 664 1324 quidam
695 1239 783 1304 serui
810 1238 845 1303 in
869 1260 993 1304 scaena
1015 1238 1145 1325 possint
1169 1239 1296 1304 uersari
1319 1242 1380 1304 aut
1403 1239 1463 1304 ad-

179 1335 295 1422 pellari
319 1336 452 1401 omnino
476 1335 583 1402 uideo.
629 1335 745 1422 Neque
768 1336 877 1402 habeo
902 1335 990 1423 quod
1014 1357 1190 1423 opponam,
1223 1337 1251 1402 si
1275 1336 1349 1422 quis
1373 1357 1463 1402 com-

180 1437 298 1520 parato
322 1433 449 1500 Nieolai
472 1433 510 1499 fr.
535 1433 607 1499 lK.
633 1433 713 1500 GAF
728 1433 772 1500 HI
791 1455 821 1520 p.
838 1434 903 1501 383
920 1455 977 1520 sq,
1005 1435 1041 1499 in
1068 1455 1134 1521 quo
1162 1434 1219 1520 qui
1246 1457 1277 1500 u.
1304 1436 1319 1500 1
1350 1437 1465 1518 ἄνδρες

182 1529 394 1618 adpellantur
409 1531 510 1599 iidem
526 1532 567 1598 41
586 1534 696 1604 παῖδες
711 1535 885 1616 uocantur,
912 1533 952 1599 de
975 1533 1105 1598 lenonis
1121 1531 1323 1618 quibusdam
1338 1532 1464 1616 amicis,

181 1629 300 1694 uicinis
324 1630 530 1713 cogitauerit.

289 1727 327 1792 ln
358 1728 406 1793 eis
438 1727 495 1813 qui
524 1731 712 1814 sequuntur
741 1729 896 1795 uersibus
920 1729 1075 1815 quamuis
1103 1727 1207 1795 dubia
1229 1730 1299 1794 sint
1322 1728 1464 1813 singula,

183 1829 299 1891 tamen
323 1824 497 1891 derorum
521 1820 650 1892 conexu
675 1828 816 1892 constat.
862 1826 951 1892 Leno
985 1827 1072 1892 enim
1103 1826 1245 1912 primum
1277 1825 1466 1892 adsentitur

182 1944 214 1988 u.
235 1923 397 2006 89-911)
422 1925 532 1988 dvcid’
559 1926 577 1988 ὁ
601 1927 711 2007 γείτων
733 1963 775 1971 -
801 1926 855 1989 ‘ut
871 1924 988 1990 emerit
1003 1925 1158 2008 uicinus',
1183 1922 1244 1990 sed
1259 1924 1375 1990 statim
1392 1943 1466 1989 sese

184 2033 213 2098 si
229 2029 367 2096 militem
383 2013 538 2096 fefellerit
549 2031 821 2116 meretricemque
833 2029 1031 2112 uendiderit,
1048 2030 1131 2096 nihil
1143 2051 1216 2096 esse
1229 2030 1464 2116 profecturum,

184 2129 242 2196 sed
266 2129 406 2194 militem
428 2127 582 2194 fraudem
605 2129 634 2194 si
648 2128 854 2215 perspexerit
868 2132 907 2194 ut
922 2129 1104 2194 idciscatur
1119 2129 1189 2195 uim
1204 2128 1268 2194 sibi
1283 2127 1467 2195 inlaturum

183 2226 360 2310 intellegit,
385 2247 493 2312 neque
517 2229 588 2292 tam
616 2226 701 2292 uiles
733 2226 821 2293 illius
856 2247 931 2293 esse
966 2226 1079 2312 copias
1111 2229 1234 2292 censet.
1285 2227 1356 2292 Iam
1388 2225 1468 2292 mihi

185 2325 318 2413 quidem
343 2324 481 2390 dubium
504 2345 572 2390 non
588 2318 730 2390 'uidetur
750 2325 829 2410 quin
847 2325 978 2391 uicinus
993 2323 1048 2390 ille
1064 2325 1121 2410 qui
1137 2345 1245 2391 emere
1262 2325 1468 2390 meretricem

185 2423 323 2490 studeat
346 2425 391 2488 sit
414 2421 621 2504 adulescens,
647 2443 746 2507 quem
768 2422 883 2488 militis
908 2444 981 2488 esse
1002 2423 1171 2488 aemulum
1188 2443 1290 2507 supra
1305 2419 1467 2508 explana·

184 2521 305 2588 uimus.
351 2520 438 2585 Nam
468 2519 535 2586 Leo
568 2520 723 2605 quamuis
753 2524 843 2586 recte
874 2524 987 2586 cetera
1010 2520 1211 2607 exposuerit,
1243 2523 1360 2585 tamen
1393 2539 1468 2584 cum

186 2619 328 2685 diuitem
349 2616 454 2684 fuisse
479 2621 664 2684 amatorem
688 2617 831 2684 alterum
856 2618 997 2684 alterum
1012 2638 1193 2705 pauperem
1209 2618 1339 2702 statuit,
1364 2616 1471 2683 uerba

185 2719 281 2783 πλέον
304 2721 406 2800 ἔχοντι
429 2720 559 2801 χρυσίον
582 2717 681 2782 nimis
704 2719 834 2802 pressit.
880 2715 995 2802 Neque
1028 2717 1117 2782 enim
1148 2716 1177 2781 si
1207 2715 1281 2802 quis
1310 2715 1469 2781 maiorem

187 2815 293 2880 altero
317 2813 428 2900 aliquo
452 2814 557 2880 habet
578 2815 765 2901 pecuniam,
798 2814 941 2881 eundem
972 2835 1046 2880 esse
1078 2813 1217 2880 diuitem
1247 2835 1385 2880 necesse
1417 2815 1471 2878 est

186 2933 295 2999 neque
328 2912 461 2978 omnino
494 2913 675 2998 quidquam
705 2912 782 2978 inde
814 2910 903 2998 quod
933 2911 1028 2977 miles
1058 2915 1226 2996 πέπρακας
1248 2914 1345 2976 πλέον
1368 2914 1471 2994 ἔχοντα

186 3004 318 3096 χρααίαν
349 3010 456 3076 dicere
491 3009 659 3077 inducitur
696 3010 736 3076 de
769 3009 992 3077 adulescentis
1024 3009 1143 3096 opibus
1174 3011 1288 3094 potest
1319 3007 1471 3074 concludi

187 3111 371 3196 propterca,
404 3107 491 3194 quod
522 3108 617 3173 miles
649 3129 724 3174 cum
755 3108 923 3176 audiuerit
952 3109 1107 3173 lenonem
1138 3107 1247 3172 uicino
1279 3104 1470 3172 uendidisse

187 3206 369 3290 mulierem,
394 3209 555 3292 tanquam
582 3207 709 3288 cogitur
735 3209 854 3292 putare
878 3205 971 3272 illum
995 3204 1146 3271 ditiorem
1166 3203 1251 3270 'esse
1276 3225 1377 3291 quam
1399 3205 1471 3290 ipse

189 3305 242 3388 sit,
268 3304 325 3390 qui
340 3303 457 3385 maius,
481 3324 583 3390 quam
601 3303 673 3389 ipse
698 3307 800 3386 antea
822 3303 1017 3389 promiserit,
1036 3302 1196 3390 pecuniae
1213 3300 1343 3389 pondus
1359 3300 1472 3367 lenoni

189 3401 325 3467 dederit.
371 3404 420 3466 Ac
450 3402 515 3468 Leo
548 3422 623 3468 cum
655 3400 793 3467 diuitem
825 3423 898 3467 esse
925 3401 1075 3484 militem,
1107 3400 1357 3466 adulescentem
1384 3420 1471 3486 pau-

188 3520 301 3588 perem
325 3500 494 3581 statuerit,
526 3501 635 3566 iacere
665 3500 733 3565 iam
766 3521 834 3566 non
864 3503 977 3586 potest
1010 3500 1090 3585 quin
1120 3499 1190 3564 uim
1220 3499 1332 3564 lenoni
1359 3496 1472 3563 inferri

189 3600 287 3685 putet
310 3619 378 3664 non
402 3619 424 3664 a
445 3598 550 3663 milite
575 3596 634 3664 sed
658 3599 700 3662 ab
726 3598 949 3663 adulescente.
984 3599 1119 3682 Atque
1143 3596 1240 3662 modo
1261 3595 1345 3661 haec
1362 3594 1471 3681 opinio

191 3716 267 3764 oum
290 3716 408 3761 uersus
432 3696 475 3761 82
500 3696 669 3762 sententia
702 3715 801 3781 quem
827 3716 961 3761 uersum
987 3695 1059 3780 ipse
1082 3693 1150 3760 Leo
1174 3694 1221 3760 sic
1252 3692 1472 3780 suppleuerit:

189 3796 417 3879 paaneppar’
442 3796 570 3878 ἑτέρους
593 3797 823 3877 συστρατιώτας
854 3792 1035 3860 consociari
1062 3793 1177 3878 possit,
1211 3791 1388 3857 obscurum
1412 3792 1473 3856 est.

298 3889 364 3957 Sed
386 3890 484 3957 redeo
509 3891 552 3957 ad
575 3891 705 3957 lenonis
729 3891 839 3957 uerba.
880 3891 1062 3971 Quietum
1077 3890 1184 3956 altera
1204 3888 1350 3975 quadam
1370 3909 1474 3954 causa

190 4011 233 4056 ne
264 3988 472 4056 adulescenti
502 3988 648 4074 puellam
682 3986 811 4054 uendat
833 3988 1020 4074 impeditur,
1057 3989 1095 4054 ci.
1120 4009 1174 4053 uu.
1203 3986 1245 4052 9ss
1273 4008 1353 4073 sqq,
1390 4007 1474 4073 quos

191 4108 310 4155 uersus
344 4089 466 4174 optimc
499 4086 566 4153 Leo
597 4086 758 4153 restituit:
793 4087 976 4173 maximam
1012 4087 1100 4151 enim
1131 4084 1267 4151 cottidie
1298 4086 1474 4171 pecuniam

192 4207 214 4252 a
243 4186 414 4272 peregrino
447 4186 593 4271 quodam
623 4185 743 4271 accipit
774 4183 976 4250 muliercula.
1023 4183 1128 4263 Quem
1158 4182 1368 4270 peregrinum
1399 4201 1474 4246 esse

192 4284 333 4350 militem
355 4282 422 4348 Leo
447 4283 612 4366 sagaciter
635 4281 781 4366 agnouit.
828 4283 940 4369 Atque
964 4284 1004 4346 ut
1027 4302 1113 4367 quae
1135 4283 1204 4347 sint
1219 4280 1417 4362 grauissima
1433 4298 1475 4343 ea

192 4383 307 4469 paucis
339 4380 552 4468 complectar:
580 4379 675 4447 Miles
699 4382 779 4452 Βίας
808 4378 858 4462 (cf.
882 4378 977 4445 Kock
1001 4378 1044 4444 ad
1066 4377 1104 4444 fr.
1122 4378 1186 4444 293
1211 4377 1293 4443 oAr
1308 4377 1351 4441 ΠΙ
1374 4397 1403 4460 p.
1420 4374 1474 4458 83>

193 4479 322 4546 lenonis
357 4481 488 4545 uicinus
522 4477 669 4565 puellam
704 4499 790 4565 quae
829 4478 864 4542 in
904 4477 977 4542 eius
1019 4480 1071 4542 est
1113 4474 1241 4542 dicione
1292 4470 1476 4539 cottidiana

302 4676 321 4745 ¹l
341 4674 376 4730 da
393 4671 469 4743 λιμοί
486 4674 522 4730 cf.
542 4673 687 4744 (Diphilus)
706 4673 798 4729 Plaut.
818 4671 889 4728 Rud.
909 4671 960 4727 311
980 4669 1125 4727 ‘famelica
1143 4669 1289 4724 hominum
1307 4664 1404 4722 natio.³
