3442 5130
691 383 914 448 ..53-

271 560 336 627 Sed
358 581 400 626 ne
430 559 562 642 longius
592 558 697 642 labar,
728 557 825 624 redeo
858 557 901 625 ad
932 562 1068 625 cartam.
1113 559 1226 646 Atque
1258 581 1299 626 ea
1329 559 1442 646 uerba,

162 660 285 747 quibus
322 658 426 724 finem
464 656 547 723 iacit
582 656 759 724 enarrandi
789 677 917 740 semna,
954 678 1034 723 uere
1073 658 1120 724 sic
1158 659 1239 724 sunt
1276 657 1444 745 suppleta:

1001 757 1117 821 doridi

301 857 353 922 82.
378 853 498 944 [ἀγρὸ]ς
520 858 564 926 εἰς
577 854 614 918 τὸ
632 857 751 919 τοιοῦτ’
775 854 887 918 εὐκτὸν
909 856 931 938 ἥ
952 857 983 918 τ’
1008 856 1132 938 ἐρημία.

378 949 657 1042 [εὐῙαγγελίσασῦαι
680 948 783 1040 πρ[ὸς]
807 953 842 1016 σὲ
863 953 952 1016 ταῦτ’
976 953 1165 1036 ἐβουλόμην.

378 1055 570 1149 [ἔρρ]ωσ<ο>.
660 1043 747 1123 Nam
762 1057 999 1124 Britannorum
1015 1059 1240 1125 coniecturam
1258 1059 1315 1144 qui
1333 1058 1444 1144 prius-

162 1179 265 1244 quam
280 1179 336 1223 uu.
354 1159 394 1222 77
412 1178 481 1244 sqq.
504 1156 652 1222 restituti
667 1159 757 1240 sunt,
775 1177 806 1223 u.
823 1155 866 1220 82
888 1153 1023 1246 [σκότο]ς
1038 1157 1250 1243 scripserunt,
1266 1177 1358 1222 nunc
1377 1157 1445 1222 iam

163 1276 261 1322 nemo
279 1258 332 1320 est
348 1254 404 1340 qui
421 1253 588 1320 defendat
638 1252 708 1319 Nec
723 1253 802 1339 quid
817 1254 885 1318 nisi
901 1251 1004 1343 aplos]
1021 1258 1101 1320 ante
1117 1279 1152 1320 σε
1172 1255 1331 1341 scripturn
1346 1253 1445 1320 inerit

163 1362 272 1445 uideo,
296 1361 433 1427 tametsi
457 1359 581 1426 desunt
604 1360 764 1446 exempla.
800 1360 952 1446 Denique
968 1360 1009 1426 de
1032 1358 1216 1451 [ἔρρ]ωσ<ο>
1239 1360 1342 1427 uelim
1365 1381 1444 1426 oon-

162 1460 253 1526 ieras
280 1458 415 1547 Antiph.
446 1458 484 1525 fr.
508 1458 552 1525 88
575 1457 613 1525 K.
645 1457 779 1525 canu
813 1482 843 1545 p.
866 1457 910 1524 46
945 1461 1109 1544 ἐρρῶσθαι
1142 1462 1251 1543 λέγειν,
1287 1461 1323 1524 et
1355 1455 1445 1546 quod

163 1557 276 1625 Nicole
298 1582 328 1645 p.
343 1558 385 1623 41
411 1558 523 1623 adnl
546 1557 582 1623 in
605 1576 744 1623 numero
768 1555 929 1640 singulari
952 1556 1102 1623 offendit:
1134 1577 1253 1623 seruus
1280 1559 1320 1623 ut
1342 1560 1445 1623 autea

163 1679 195 1722 u.
207 1657 249 1722 41
268 1657 374 1722 solam
385 1653 590 1743 Myrrhinam
605 1654 744 1738 salutat,
760 1653 811 1721 ita
826 1675 916 1720 nunc
932 1675 1064 1742 quoque
1080 1676 1155 1721 cum
1171 1656 1243 1721 abit
1253 1653 1445 1720 Philinnam

162 1755 309 1838 neglegit
331 1756 366 1820 et
388 1773 492 1819 unam
515 1755 704 1818 matronam
726 1752 839 1818 ualere
862 1752 965 1820 iubet.
1005 1753 1097 1834 Quae
1128 1751 1217 1838 quod
1243 1752 1446 1840 respondeat

162 1852 197 1918 id
221 1873 294 1918 csse
318 1853 508 1938 corruptum
530 1853 626 1936 patet
641 1850 1323 1919 ΠΟΛΛΑΚΑΙΣΥΓΕΤΙΠΕΠΟΝΘΑΣ
1358 1851 1445 1916 Nam

161 1948 478 2037 proceleusmaticus
502 1969 601 2035 quem
624 1951 749 2015 uocant
771 1949 806 2014 in
823 1951 941 2034 quarto
964 1946 1049 2032 pede
1069 1950 1199 2035 positus
1215 1948 1293 2015 ferri
1310 1949 1443 2015 omnino

68 2065 72 2070 ·
163 2069 232 2114 non
247 2050 368 2135 potest.
405 2047 511 2128 Quem
524 2047 857 2132 proceleusmaticum
872 2048 912 2112 ut
926 2045 1083 2113 tollerent
1098 2045 1219 2113 Kaibel
1234 2048 1270 2112 et
1283 2045 1444 2113 Dziatzko

163 2146 226 2211 ΓΕ
246 2144 444 2212 deleuerunt
466 2165 528 2210 neo
550 2146 666 2210 tamen
690 2165 755 2230 quo
780 2144 877 2211 modo
900 2142 934 2210 id
956 2145 992 2210 in
1014 2147 1147 2210 textum
1178 2145 1234 2231 qui
1258 2141 1446 2231 appellatur

163 2243 358 2330 irrepsisset
381 2242 642 2329 explicauerunt.
689 2242 826 2308 Rectius
856 2243 957 2325 igitur
979 2242 1092 2308 Nicole
1123 2243 1300 2308 uerborum
1332 2242 1444 2308 ordine

163 2344 295 2408 mutato
327 2340 459 2427 scripsit
488 2342 543 2406 καὶ
569 2343 645 2423 σύγε
667 2341 777 2405 πολλά.
823 2339 893 2406 lam
925 2361 1011 2427 quae
1042 2342 1229 2426 sequuntur
1258 2340 1372 2423 uerba,
1405 2360 1446 2406 ea

164 2439 339 2505 Philinnae
364 2459 448 2524 esse,
472 2458 558 2524 quae
586 2437 690 2503 etiam
720 2460 751 2506 u.
775 2439 817 2504 25
850 2441 1040 2504 matronam
1069 2442 1179 2504 τέκνον
1210 2438 1443 2521 nominauerit,

162 2540 318 2624 apertum
342 2537 406 2602 est:
567 2538 597 2600 τί
616 2538 791 2612 πέπονθας,
815 2533 998 2627 τέκνο<ν>,1)

347 2631 385 2723 [τί
412 2631 600 2723 πε]ριπατεῖς
614 2636 766 2718 τρίβουσα
780 2635 836 2706 τὰς
850 2642 974 2720 χεῖρας,·
1093 2635 1142 2700 Ac
1156 2636 1307 2720 τρίβουοα
1319 2633 1444 2715 Nicole,

162 2753 263 2819 quem
278 2732 398 2799 Kaibel
421 2736 557 2800 secutus
577 2734 638 2814 est,
663 2730 747 2798 falso
771 2733 913 2798 correxit
928 2733 962 2797 in
978 2729 1202 2821 <σ>τροβοῦσα.
1236 2731 1324 2798 Nam
1339 2739 1446 2816 χεῖρας

162 2834 277 2916 τρίβειν
308 2833 360 2896 cst
390 2851 424 2894 re
454 2850 536 2895 uera
566 2832 681 2912 gestus
713 2829 784 2895 eius
816 2832 873 2916 qui
904 2830 945 2896 de
975 2831 1046 2896 suis
1076 2831 1175 2896 rebus
1200 2829 1354 2917 desperet
1383 2847 1446 2896 nec

162 2928 243 3015 quid
267 2928 313 2993 sit
334 2926 524 2992 iaciendum
552 2929 638 2994 sciat
660 2926 699 2993 cf.
723 2927 889 2995 Aristaen.
913 2948 962 3013 ep.
983 2928 1044 2995 115
1067 2949 1097 3013 p.
1115 2929 1177 2994 161
1202 2927 1319 2995 Herch.
1346 2927 1446 3012 ὦτῆς

163 3028 308 3110 ἀπορίας,
344 3028 388 3091 δι’
430 3029 470 3109 ἣν
511 3033 674 3110 περιπατῶ
716 3029 867 3110 τρίβουσα
908 3027 964 3097 τὰς
1001 3033 1108 3112 χεῖρας
1147 3047 1219 3113 quo
1249 3026 1322 3093 loco
1365 3027 1444 3112 quin

163 3125 398 3190 Aristaenetus
421 3121 593 3188 Menandri
623 3125 712 3189 hunc
742 3144 878 3190 uersum
904 3123 1056 3189 imitatus
1084 3124 1223 3189 sitnon
1250 3123 1379 3207 dubit03
1410 3125 1446 3188 et

163 3222 241 3305 Leo,
265 3221 410 3288 Plautin.
455 3219 692 3304 Forschungen
715 3242 745 3306 p.
762 3221 828 3286 128
851 3222 1006 3307 quamuis
1027 3223 1117 3287 recte
1141 3220 1182 3287 de
1206 3221 1324 3288 ceteris
1344 3220 1444 3286 rebus

162 3319 360 3387 iudicauerit
383 3319 547 3385 errauisse
570 3318 652 3384 mihi
675 3319 808 3405 quidem
831 3318 964 3385 uidetur
987 3339 1062 3385 cum
1086 3318 1259 3386 contendit
1281 3321 1444 3386 ‘Aristae-

163 3421 261 3484 netos
276 3416 385 3482 kannt
399 3416 452 3482 die
468 3415 650 3483 Komoedie
666 3438 726 3500 gar
740 3417 834 3483 nicht
857 3439 883 3484 e.
901 3438 929 3503 q.
944 3421 980 3483 s?
1015 3419 1126 3504 Atqm
1142 3417 1263 3503 quibus
1280 3418 1445 3500 angustiis

165 3514 335 3603 Myrrhina
358 3518 537 3600 prematur,
563 3536 605 3580 ex
628 3537 658 3579 u.
675 3516 718 3582 87
741 3515 945 3598 intellegitur

376 3614 460 3684 τίνος
482 3616 501 3697 ἡ
525 3621 598 3686 παῖς
621 3616 697 3692 ἕστί;
720 3616 834 3679 τούτωι
856 3615 918 3678 κού
942 3665 996 3678 ...

164 3712 296 3794 ignorat
319 3710 407 3775 enim
431 3711 505 3795 quis
528 3710 658 3797 puellae
688 3713 785 3797 pater
815 3711 868 3776 sit.
913 3710 1056 3776 Matrem
1087 3710 1171 3777 bene
1202 3711 1310 3795 nouit3
1343 3730 1445 3797 quam

163 3809 228 3874 nisi
262 3812 386 3891 nosset,
422 3811 516 3873 τίνων
551 3809 683 3892 diceret,
719 3829 786 3874 non
820 3812 911 3881 τίνος.
961 3809 1008 3874 At
1037 3807 1197 3875 Dziatzlro
1229 3831 1258 3896 p.
1284 3809 1349 3874 515
1375 3829 1444 3894 sqq.

164 3906 368 3993 Myrrhinam
393 3906 561 3992 accepisse
583 3907 730 3992 puellam
758 3927 780 3972 a
809 3906 1005 3993 parentibus
1036 3908 1223 3991 expositam
1254 3906 1445 3993 suspicatus

165 4007 225 4070 est.
264 4005 313 4069 Ac
335 4004 399 4069 hoc
423 4005 452 4069 si
474 4005 601 4070 factum
625 4009 723 4082 esset,
749 4004 927 4091 Myrrhina,
953 4024 1039 4090 quae
1063 4008 1153 4069 esset
1175 4003 1307 4091 puellae
1338 4007 1447 4070 mater

164 4104 237 4170 eine
261 4101 361 4168 dubio
385 4103 541 4182 nesciret3
564 4123 644 4168 nam
660 4104 748 4168 hanc
762 4103 868 4182 ipsam
885 4100 1074 4189 Myrrhinae
1089 4103 1254 4168 infantem
1269 4101 1445 4168 tradidisse

165 4221 207 4266 ne
242 4199 402 4266 Dziatzkc
437 4200 569 4285 quidem
604 4199 785 4282 contendit,
817 4202 976 4286 quoniam
1011 4222 1051 4266 ea
1087 4200 1127 4265 de
1161 4220 1265 4266 causa
1297 4199 1445 4266 infantes

163 4297 276 4364 solent
299 4297 428 4383 exponi,
453 4318 495 4363 ne
516 4299 589 4383 quis
614 4299 654 4364 de
678 4302 784 4364 matre
805 4299 924 4364 certior
938 4297 1010 4364 fiat
1044 4299 1157 4383 Atque
1171 4299 1243 4384 ipse
1259 4297 1311 4363 uir
1326 4297 1445 4363 doctus

163 4415 266 4482 quam
295 4394 436 4460 infirmis
460 4397 666 4478 argumentis
697 4396 807 4482 opinio
839 4417 902 4461 sua
932 4396 1096 4462 niteretur
1118 4396 1230 4462 nescio
1254 4416 1320 4481 quo
1344 4393 1442 4461 modo

271 4601 290 4670 ²)
308 4603 339 4652 N
355 4600 490 4655 omissum
508 4615 569 4654 esse
588 4600 712 4655 fortasse
730 4600 805 4655 linea
823 4615 908 4670 snpra
925 4585 982 4651 Md
994 4599 1100 4670 scripta
1121 4599 1274 4664 iudicatum
1300 4597 1335 4653 de
1353 4597 1444 4654 altero

164 4681 248 4750 signo
268 4681 304 4737 cf.
317 4696 344 4751 p.
359 4681 393 4736 13
411 4696 475 4751 app.
495 4696 532 4736 cr.
