3442 5130
713 365 936 430 -43..

183 543 238 606 καὶ
267 543 403 606 καλεῖται
429 549 520 606 τοῦτο
547 544 690 625 βουβών,
721 550 776 607 τοῦ
804 545 933 614 πάθους
955 543 1011 626 τὴν
1041 544 1259 625 προσηγορίαν
1285 549 1342 607 τῶι
1364 544 1465 607 τόπωι

183 642 409 723 χαρισαμένου.
456 638 615 721 Congruit
643 639 794 704 cumbis
826 640 984 704 extremis
1007 637 1189 705 Alexandri
1213 639 1323 704 uerbis
1346 637 1466 704 Pollux

184 757 301 803 uocem
328 740 462 821 βουβών
490 737 538 802 sic
564 738 806 823 interpretatus
828 737 858 802 ll
882 739 946 804 186
970 760 999 824 p.
1019 737 1091 815 140,
1109 738 1148 803 15
1172 737 1279 803 Bethe
1301 740 1339 802 τὰ
1363 740 1392 802 δ’
1409 741 1464 821 ἔμ-

184 836 328 918 προσθεν
357 836 445 917 παρὰ
475 835 550 907 τοὺς
578 837 705 919 μηροὺς
727 839 902 920 βουβῶνες,
934 837 981 907 οἷς
1010 837 1064 900 καὶ
1087 836 1122 900 τὸ
1144 838 1253 907 πάθος
1275 839 1305 900 ‘d
1320 837 1464 920 βουβὼν’

185 934 350 1015 ἐπιγίνεται
365 933 400 997 et
414 931 521 996 V202
544 954 573 1018 p.
590 932 696 1012 261,5
713 933 818 998 Bothe
834 935 967 1017 βουβὼν
982 935 1053 1016 περὶ
1068 936 1238 1017 βουβῶνας
1254 935 1372 1017 οἴδημα
1387 935 1466 1017 μετὰ

185 1032 374 1114 φλεγμονῆς.
420 1031 467 1095 At
489 1030 692 1096 monendum
718 1035 771 1096 est
794 1051 870 1096 eam
892 1051 1009 1097 uocem
1042 1031 1144 1096 etiam
1167 1030 1269 1097 latius
1292 1035 1408 1117 patere
1432 1034 1467 1097 et

186 1128 321 1195 omnino
338 1131 523 1195 ‘tumorem’
549 1129 737 1212 significare
760 1128 868 1194 ueluti
892 1127 981 1214 apud
997 1128 1148 1194 Cassium
1169 1128 1310 1194 Felicem
1333 1131 1467 1210 ἰατρικαὶ

187 1228 315 1310 ἀπορίαι
330 1228 384 1290 καὶ
398 1229 609 1311 προβλήματα
627 1231 747 1310 φυσικά
765 1227 808 1292 40
823 1226 890 1290 =I
912 1249 941 1312 p.
959 1226 1087 1308 158,16
1108 1225 1213 1292 ldeler
1232 1229 1286 1291 καὶ
1301 1230 1467 1311 βουβῶνες

187 1325 240 1404 (so.
265 1327 466 1405 συνίστανται)
491 1327 525 1389 ἐν
547 1327 707 1409 μοσχάληι
731 1327 835 1390 ἑλκῶν
858 1325 930 1409 περὶ
952 1332 1041 1409 χεῖρα
1065 1327 1168 1389 ὄντων
1190 1324 1224 1389 id
1240 1325 1329 1411 quod
1352 1329 1468 1390 tamen

187 1419 231 1486 ad
245 1420 420 1487 Menandri
435 1423 524 1488 hunc
547 1421 656 1488 locum
676 1443 745 1488 non
761 1423 915 1509 pertinet.
953 1421 991 1486 In
1008 1443 1073 1508 quo
1089 1422 1161 1488 loco
1179 1421 1331 1488 consulto
1349 1422 1466 1488 Dauus

186 1525 243 1583 τῶι
278 1522 399 1602 γέροντι
430 1518 562 1584 disertis
593 1520 704 1585 uerbis
736 1519 844 1602 addit,
881 1524 919 1585 ut
950 1522 1115 1606 quantum
1149 1519 1251 1585 fuerit
1285 1518 1468 1606 perieulum

186 1615 323 1700 indicet;
345 1637 426 1682 nam
450 1637 547 1682 senes
564 1618 699 1700 grauius
720 1618 842 1683 morbis
866 1617 966 1683 adfici
990 1638 1092 1704 quam
1114 1621 1199 1682 natu
1222 1618 1367 1684 minores
1384 1617 1467 1683 satis

188 1718 242 1780 est
263 1717 536 1780 consentaneum.
571 1715 641 1780 lam
666 1737 745 1782 uero
762 1715 928 1798 Philinna,
954 1737 1039 1801 quae
1063 1717 1243 1798 aegerrime
1258 1713 1356 1798 ierat,
1381 1714 1468 1801 quod

187 1810 241 1877 ille
259 1811 405 1894 eleganti
429 1816 464 1877 et
482 1813 608 1878 urbano
634 1835 716 1878 usus
741 1834 892 1879 sermone
918 1834 993 1878 cum
1009 1835 1062 1878 res
1078 1812 1164 1879 bene
1181 1817 1295 1896 gestas
1319 1835 1355 1879 se
1379 1834 1468 1879 nun-

187 1909 273 1974 tiare
296 1908 439 1992 simulet,
471 1912 605 1976 tantam
632 1911 861 1977 calamitatem
884 1913 983 1976 tanta
1015 1932 1091 1976 cum
1122 1912 1299 1977 atrocitate
1329 1916 1469 1993 enarret,

188 2007 324 2073 retineri
346 2007 413 2072 iam
437 2029 504 2075 non
527 2013 649 2095 potest,
673 2011 754 2097 quin
777 2010 812 2074 in
835 2009 928 2075 illum
948 2009 1140 2074 inuehatur:

510 2127 576 2189 ἀλλ’
589 2127 831 2210 ἐκκορηθείηςῙ)
856 2128 925 2208 σύγ’
950 2127 1000 2190 ola
1022 2126 1148 2208 τάγαθὰ

510 2225 596 2305 ἥκεις
619 2225 833 2307 ἀπαγγέλλων.

190 2343 256 2410 Sed
281 2345 397 2409 statim
420 2345 555 2410 iubetur
578 2349 689 2412 tacere
713 2351 818 2412 σιώπα
842 2349 998 2431 γράιδιον;
1030 2367 1116 2434 quae
1141 2347 1244 2413 uerba
1268 2367 1343 2412 cum
1367 2348 1469 2428 signis

190 2443 311 2528 quibus
334 2463 550 2528 personarum
575 2445 780 2510 mutationes
812 2444 1000 2511 indicentur
1022 2444 1152 2511 inclusa
1175 2446 1252 2529 sint,
1283 2465 1351 2509 non
1374 2445 1470 2510 Dauo

190 2541 248 2627 qui
272 2561 313 2606 ea
337 2562 422 2626 quae
446 2564 506 2606 uu.
529 2542 572 2607 55
585 2563 653 2628 sqq.
678 2546 864 2627 sequuntur
891 2542 1056 2628 loquatur,
1089 2541 1148 2608 sed
1171 2541 1359 2629 Myrrhinae
1391 2547 1472 2607 sunt

191 2638 377 2704 tribuenda.
424 2638 519 2719 Quod
543 2645 658 2706 autem
674 2639 765 2704 illam
789 2640 874 2706 haec
890 2641 997 2706 dicere
1019 2661 1118 2727 posse
1134 2640 1254 2706 Kaibel
1276 2643 1379 2722 negat
1398 2639 1471 2705 ‘Die

190 2735 308 2802 Worte
331 2740 435 2802 σιώπα
453 2740 595 2821 γράιόιον
620 2738 677 2803 der
694 2737 861 2824 Myrrhine
884 2760 925 2802 zu
941 2738 1058 2823 geben,
1082 2738 1176 2804 kann
1192 2739 1245 2804 ich
1269 2738 1356 2802 mich
1379 2736 1472 2803 nieht

191 2833 433 2918 entschliellen3
468 2836 520 2901 fiir
548 2835 639 2902 Daos
670 2857 794 2922 passen
830 2837 877 2901 sie
907 2835 1135 2918 vortrefilich',
1172 2840 1370 2919 argumenta
1403 2856 1472 2900 non

190 2931 329 3017 protulit
351 2953 460 3018 neque
485 2934 573 2999 unde
598 2939 799 3017 argumenta
822 2935 890 2999 sint
912 2933 1059 3020 petenda
1086 2934 1224 3021 planum
1249 2937 1310 3000 est.
1334 2932 1431 3009 Nam,
1444 2933 1472 2997 si

190 3030 225 3094 in
257 3050 339 3095 uoce
372 3032 514 3114 γράιδιον
546 3031 689 3098 offendit
720 3033 771 3096 uir
795 3031 926 3097 doctus:
964 3032 1099 3096 Dauum
1134 3032 1190 3116 qui
1224 3031 1473 3096 humanitatem

191 3128 479 3216 reuerentiamque
515 3129 657 3213 simulet,
693 3152 761 3197 non
796 3130 901 3214 magis
937 3128 1034 3194 decet
1067 3130 1131 3194 hae
1166 3150 1248 3194 uoce
1283 3130 1334 3193 uti
1372 3149 1472 3214 quam

191 3224 404 3312 Myrrhinam.
450 3225 519 3292 Nec
550 3228 884 3313 praetermittendum
916 3232 967 3293 est
998 3227 1033 3292 in
1064 3230 1157 3292 carta
1185 3227 1344 3312 scriptum
1368 3224 1474 3291 uideri

191 3315 422 3418 ΙῬΑΪΔΙΟΝ,
468 3334 508 3399 de
548 3356 612 3419 qua
652 3336 815 3421 scriptura
853 3335 922 3418 egit
960 3333 1110 3416 Orbnert,
1150 3334 1309 3399 Memoria
1345 3333 1474 3400 Graeca

191 3427 450 3496 Herculanensis
480 3454 511 3517 p.
526 3431 571 3496 48
599 3431 674 3498 adn.
691 3434 720 3498 4.
774 3433 928 3498 Formam
963 3436 1077 3498 autem
1109 3433 1259 3516 γράιδιον,
1296 3451 1396 3516 quam
1431 3451 1473 3495 ne

191 3527 321 3593 numeri
343 3529 520 3595 turbentur
543 3530 700 3596 hocloco
724 3531 856 3596 restitui
879 3551 1017 3596 necesse
1042 3534 1103 3612 est,
1128 3531 1163 3594 in
1185 3529 1299 3595 Attico
1323 3549 1474 3594 sermone

193 3626 299 3708 magis
339 3627 500 3692 usitatam
539 3627 643 3693 fuisse
676 3627 713 3693 V.
740 3633 773 3693 et
796 3629 850 3694 IV.
882 3633 961 3694 ante
1001 3627 1169 3693 Christum
1204 3626 1338 3692 saeculo
1374 3646 1474 3712 quam

194 3722 334 3789 alteram
350 3724 405 3790 uel
427 3747 468 3790 ex
490 3747 528 3790 eo
544 3725 757 3810 intellegitur,
784 3725 871 3811 quod
887 3725 976 3811 apud
989 3725 1249 3811 Aristophanem
1264 3725 1300 3790 in
1315 3725 1474 3789 trimetris

301 3947 319 4017 1)
339 3944 508 4018 ἕκκορηθείηι
538 3947 595 4018 odys
622 3948 807 4002 Menandrum
835 3947 938 4001 dixisse
963 3951 1117 4017 antequam
1149 3947 1220 4000 haec
1249 3948 1328 4000 certa
1351 3945 1476 4000 innotuit

193 4027 329 4082 traditum
347 4027 522 4082 habebamus
541 4028 575 4082 fr.
597 4028 650 4082 903
662 4029 695 4083 Κ.
709 4027 778 4081 GAF
797 4027 836 4080 III
854 4044 881 4097 p.
894 4027 947 4081 236
967 4027 1052 4096 (Suid.
1073 4043 1095 4081 a.
1106 4045 1133 4081 u.
1152 4024 1321 4095 ἑκκορηθείηι
1339 4029 1369 4080 et
1387 4025 1475 4080 schol.

194 4106 337 4177 Aristoph.
347 4107 414 4162 Pac.
424 4108 460 4161 59
477 4125 504 4178 p.
516 4107 625 4162 172b19
643 4107 776 4176 Dribner).
804 4107 885 4174 Quod
901 4107 1092 4176 fragmentum
1110 4106 1232 4161 forsitan
1251 4123 1286 4160 ex
1305 4107 1360 4160 hac
1378 4105 1477 4160 fabule

195 4186 365 4257 exscriptum
384 4188 429 4252 sit,
455 4188 598 4243 sedidem
629 4204 664 4242 ex
683 4188 774 4242 altera
801 4187 923 4257 quadam
947 4187 1045 4241 fabula
1070 4186 1206 4257 originem
1234 4186 1335 4241 ducere
1355 4186 1412 4239 ueri
1432 4187 1477 4237 est

194 4267 320 4322 similius.
359 4268 390 4320 In
409 4268 517 4322 scholio
539 4269 613 4322 enim
632 4269 681 4322 le.
701 4268 835 4338 scriptum
854 4268 981 4322 uidemus
1009 4265 1043 4322 ὥς
1060 4286 1111 4319 κου
1138 4271 1183 4319 καὶ
1201 4265 1216 4318 ὃ
1234 4263 1389 4336 Μένανδρός
1413 4283 1476 4332 φησι

194 4343 319 4402 πολλάκις
336 4344 505 4417 ἐκκορηθελης
523 4346 589 4417 atys.
609 4349 724 4404 Aecum
734 4363 791 4402 uox
799 4343 1049 4418 policinis-quae
1068 4347 1150 4402 deest
1168 4347 1243 4418 apud
1254 4347 1413 4401 Suidam-
1424 4360 1477 4398 nec

194 4426 341 4482 Menandri
360 4443 421 4482 esse
440 4428 539 4498 possit,
567 4428 596 4482 id
624 4428 700 4499 quod
719 4427 847 4482 Meineke
867 4427 935 4482 OGF
953 4428 991 4482 IV
1010 4444 1037 4497 p.
1050 4427 1103 4482 303
1128 4427 1246 4497 agnouit
1265 4425 1302 4481 cf.
1321 4423 1477 4480 Bernhardi

195 4506 213 4559 l.
227 4523 249 4560 s,
268 4524 294 4577 p.
307 4507 360 4561 285
379 4505 430 4563 No.
449 4508 470 4573 Ι,
491 4524 543 4562 nec
561 4509 586 4561 si
605 4525 668 4562 cum
697 4508 869 4562 scholiastae
896 4508 989 4561 uerbis
1015 4508 1202 4578 coniungatur
1229 4509 1296 4576 post
1313 4525 1364 4556 που
1382 4503 1478 4574 posita

196 4590 294 4656 aptum
313 4588 448 4656 praebeat
468 4604 589 4652 sensum,
610 4604 668 4641 non
686 4588 777 4642 habeo
797 4587 872 4658 quod
885 4587 1027 4642 Theodori
1040 4587 1121 4642 Kock
1134 4587 1312 4642 coniecturae
1324 4581 1478 4652 Μένανδρός

196 4685 260 4733 φησι
276 4664 478 4740 Π<α>λλακ<ῆ>
499 4683 649 4738 opponam.
669 4667 811 4722 cLNicole
829 4668 847 4721 l.
862 4685 883 4722 s.
902 4685 929 4738 p.
945 4667 986 4722 19.
