3448 5134
787 330 1010 397 ..96-

366 508 432 576 Sed
454 507 629 574 redeamus
661 508 704 574 ad
734 508 809 596 ipsa
839 511 962 596 poetae
990 509 1104 576 uerba
1119 531 1206 595 quae
1229 531 1284 576 uu.
1301 511 1343 576 22
1357 532 1427 597 sqq.
1450 515 1542 578 recte

258 609 305 673 sio
329 609 410 674 sunt
431 607 674 688 redintegrata:
1267 618 1270 624 ·

355 706 444 788 (dart
473 712 593 770 κανοῦν
617 706 652 769 δὲ
673 712 755 783 :roim
777 706 832 770 καὶ
853 707 976 770 τᾶλλίἳ
1001 708 1063 784 ὁεῖ,·
1087 707 1192 789 (Πολ)
1216 709 1347 791 κο[νοῦν
1368 709 1429 792 μὲν
1452 709 1519 793 οὖν]

471 805 602 886 ὕστερον
625 805 778 885 ἐνάρξετ’.
803 804 880 868 ἀλλὰ
906 806 1022 887 ταύτην
1045 807 1236 889 oplandum}

468 903 589 984 μᾶλλον
613 902 647 965 δὲ
670 902 761 984 κάγὼ
785 897 977 990 <ο>τέφονον
1000 903 1064 966 ἀπὸ
1087 904 1215 986 βωΙμοῦ
1238 904 1351 987 ποθεν]

394 1007 445 1075 25.
470 1008 599 1091 ἀφελὼν
623 1009 791 1072 ἐπιθέσθαι
813 992 1017 1096 florilegus·
1459 1093 1461 1100 .

256 1115 349 1196 Quae
373 1115 477 1181 uerba
499 1117 588 1180 recte
611 1115 822 1200 interpretati
848 1099 936 1180 sunt
945 1100 1093 1181 Grenfell
1113 1117 1148 1181 et
1163 1116 1272 1199 Hunt;
1296 1137 1358 1183 nec
1382 1116 1423 1183 de
1446 1119 1539 1184 uocis

256 1221 375 1278 κανοῦν
398 1234 464 1278 usu
499 1215 559 1278 aut
588 1212 718 1278 ratione
750 1212 915 1298 copiosius
946 1212 1107 1279 disserere
1139 1233 1222 1300 opus
1251 1216 1318 1298 est3
1353 1235 1440 1300 quae
1471 1235 1539 1282 uox

256 1332 332 1377 cum
368 1310 503 1376 omnino
539 1309 579 1376 de
615 1310 759 1376 canistro
793 1313 976 1396 usurpatur
1009 1312 1082 1376 tum
1119 1331 1194 1377 oum
1228 1312 1331 1378 uerbo
1363 1315 1538 1397 ἐνάρχομαι

256 1411 435 1475 coniuncta
463 1407 503 1474 do
529 1428 565 1474 re
593 1406 708 1474 diuina
739 1405 893 1474 iacienda
922 1407 960 1473 ci.
982 1407 1148 1494 Aristoph.
1165 1408 1241 1475 Pac.
1258 1409 1324 1475 948
1352 1410 1389 1474 τὸ
1417 1418 1537 1476 κανοῦν

255 1510 382 1590 πάρεστ’
408 1507 484 1578 ὀλὰς
506 1509 589 1590 ἕχον.
627 1504 735 1592 Eurip.
752 1504 798 1572 El.
818 1505 903 1571 1142
926 1514 1046 1572 κανοῦν
1063 1509 1092 1572 δ’
1109 1509 1263 1592 ἐνῆρκται.
1302 1506 1431 1574 Deinde
1447 1531 1478 1575 u.
1494 1509 1539 1573 24

255 1606 320 1670 ἀπὸ
344 1608 461 1690 βωμοῦ
492 1624 610 1669 uerum
634 1606 696 1686 est,
733 1604 773 1669 de
810 1607 959 1669 extremo
993 1602 1077 1690 pede
1108 1605 1288 1672 reficiendo
1320 1605 1537 1672 dubitaueris.

254 1704 367 1789 Atque
390 1701 479 1768 Weil
509 1700 642 1787 quidem
666 1704 746 1766 θεοῦ
779 1701 958 1788 suppleuit,
991 1700 1080 1789 quod
1103 1723 1171 1769 non
1201 1701 1244 1768 ad
1267 1702 1452 1790 quamlibet
1476 1702 1537 1770 ali-

256 1802 350 1868 euius
374 1799 427 1866 dei
451 1821 543 1866 aram
567 1802 735 1887 spectaret
758 1799 818 1865 sed
842 1798 885 1865 ad
909 1802 1033 1866 certam
1058 1799 1226 1886 quandam
1251 1801 1287 1866 in
1311 1822 1435 1867 scaena
1458 1823 1536 1868 con-

255 1900 360 1965 ditam
385 1901 486 1984 atque
509 1897 543 1963 id
566 1897 700 1985 quidem
715 1897 857 1964 Baccho.
905 1896 970 1964 Sed
986 1897 1111 1964 maiore
1136 1919 1212 1964 cum
1233 1899 1305 1965 ueri
1321 1898 1536 1965 similitudine

254 1997 343 2063 hanc
365 2018 459 2063 aram
482 1995 627 2083 Apollini
651 1996 708 2082 qui
731 2018 762 2061 u.
778 1996 821 2062 43
845 1997 1023 2063 inuocatur
1046 1995 1203 2080 adsignat
1230 1995 1373 2080 Olivieri,
1396 1997 1538 2064 Revista

256 2095 289 2160 di
310 2094 454 2178 filologia
477 2093 624 2177 XXVIII,
650 2093 738 2158 1900
761 2116 791 2180 p.
806 2093 882 2161 449.
928 2094 974 2160 At
998 2116 1072 2160 oum
1096 2097 1131 2160 et
1154 2098 1233 2161 ante
1256 2098 1375 2180 βωμοῦ
1398 2098 1434 2162 et
1456 2099 1536 2162 ante

254 2196 335 2259 deae
360 2193 446 2258 desit
461 2191 621 2258 articulus
638 2211 737 2278 quem
753 2193 887 2273 uocant,
903 2191 1083 2258 Britannos
1100 2193 1207 2283 secuti
1226 2194 1329 2258 ιιοῦεν
1345 2193 1536 2278 scripsimus

255 2289 429 2375 ‘alicunde
454 2290 497 2356 ab
515 2289 628 2376 aliqua
644 2293 723 2369 ara',
749 2289 837 2376 quod
852 2290 939 2355 bene
956 2289 1097 2376 quadret
1113 2288 1157 2355 ad
1172 2290 1286 2356 militis
1302 2291 1536 2357 temeritatem.

255 2388 347 2469 Quae
371 2389 543 2455 temeritas
567 2408 643 2453 cum
665 2389 765 2452 tanta
789 2387 843 2468 sit,
876 2390 916 2452 ut
945 2388 980 2453 in
1002 2388 1050 2453 rei
1073 2387 1207 2453 diuinae
1237 2389 1303 2453 ritu
1331 2387 1386 2454 ille
1409 2393 1535 2475 peccet,

255 2487 480 2554 Wilamowitz
502 2508 577 2552 eum
602 2486 782 2552 barbarum
806 2506 880 2551 esse
907 2486 1099 2552 arbitratur:
1124 2486 1201 2552 ‘Der
1216 2485 1396 2572 Tolpatseh
1420 2485 1535 2570 denkt,

254 2606 355 2652 wenn
378 2606 443 2650 nur
465 2583 693 2667 geschlachtet
725 2582 819 2674 wird,
855 2584 982 2667 geniigt
1017 2605 1062 2669 es,
1098 2582 1168 2650 und
1198 2583 1270 2667 gibt
1300 2605 1363 2649 nur
1394 2605 1431 2650 so
1455 2584 1538 2651 weit

254 2683 351 2765 nach,
376 2681 440 2748 dass
464 2703 499 2748 er
521 2682 592 2747 sich
614 2681 806 2747 belrrdnzen
830 2680 913 2764 will3
944 2682 1030 2748 daza
1060 2682 1142 2747 aber
1163 2681 1247 2747 wird
1272 2703 1307 2747 er
1329 2682 1445 2766 irgend
1467 2703 1535 2748 von

205 2811 208 2816 ¹
255 2781 363 2847 einem
386 2781 482 2845 Alter
512 2780 610 2845 einen
640 2780 764 2845 bereits
791 2779 985 2863 gaweihten
1009 2780 1118 2844 Kranz
1144 2778 1351 2862 aufgreiien’.
1397 2782 1443 2845 At
1465 2780 1536 2845 iure

253 2877 414 2944 Dziatzko
438 2876 651 2943 Polemonem
682 2898 756 2942 esse
780 2878 887 2943 ciuem
914 2876 1035 2960 docuit,
1068 2877 1148 2964 quia
1178 2878 1214 2943 ni
1237 2880 1328 2943 esset
1350 2877 1535 2960 legitimum

254 2976 503 3042 matrimonium
531 2975 615 3040 inire
644 2995 714 3040 non
744 2978 868 3062 posset.
914 2977 964 3041 Ac
995 2973 1084 3061 quod
1114 2975 1241 3041 cultum
1275 2975 1534 3061 religionemque

253 3075 408 3157 neglegit,
434 3073 517 3140 satis
533 3073 638 3140 habet
653 3073 881 3139 excusationis
898 3094 1006 3159 neque
1022 3073 1196 3156 indignum
1212 3073 1347 3139 uidetur
1361 3070 1535 3139 Menandri

253 3177 335 3256 arte,
366 3173 445 3238 dum
476 3170 574 3238 modo
598 3175 727 3258 quanta
759 3171 830 3236 eius
859 3171 991 3238 animus
1024 3172 1068 3237 sit
1095 3175 1281 3237 commotus
1314 3170 1534 3237 sollicitudine

253 3269 468 3337 recordemur.
513 3270 692 3335 Praeterea
717 3271 816 3344 ciues,
848 3270 969 3355 quibus
993 3289 1117 3334 nomen
1140 3268 1242 3335 luerit
1263 3270 1427 3353 Πολέμων
1452 3289 1534 3333 enu-

253 3371 425 3434 merantur
440 3366 601 3432 Kirehner
622 3366 642 3433 l.
660 3389 684 3433 s.
701 3367 730 3432 Il
753 3388 782 3453 p.
800 3367 864 3432 207
879 3388 927 3453 sq.
942 3367 1002 3433 Ne.
1021 3367 1128 3433 11885
1142 3388 1222 3452 sqq,
1247 3388 1388 3453 quorum
1411 3367 1534 3434 ciuium

254 3467 310 3552 qui
332 3467 437 3552 primo
467 3465 539 3531 loco
572 3467 624 3530 est
654 3467 784 3550 positus
815 3465 986 3533 archontis
1010 3486 1146 3531 munere
1170 3464 1308 3531 iunctus
1333 3468 1385 3531 est
1408 3487 1437 3532 a.
1455 3486 1484 3531 a.
1501 3464 1532 3530 Ο.

253 3561 413 3650 n.312ll‚
453 3564 552 3629 huius
587 3564 708 3649 poetae
743 3565 868 3629 aetate.
921 3561 1016 3628 Unde
1051 3563 1114 3629 hoc
1151 3584 1276 3630 nomen
1314 3561 1405 3650 apud
1442 3563 1534 3628 ciues

251 3660 558 3747 frequentissimum
580 3682 690 3746 neque
720 3659 880 3726 inclarum
908 3682 929 3726 a
956 3663 1058 3747 poeta
1088 3663 1146 3726 uix
1170 3659 1287 3727 datum
1310 3682 1385 3726 esse
1408 3660 1535 3729 homini

252 3759 394 3825 barbaro
419 3757 602 3825 concludes.
648 3757 764 3844 Neque
789 3757 888 3824 aliter
911 3779 964 3824 res
988 3781 1024 3824 se
1047 3758 1162 3842 habet,
1195 3758 1284 3846 quod
1306 3758 1534 3826 Wilamowita

251 3856 436 3923 Pataeoum
470 3855 649 3922 barbarum
684 3877 758 3922 esse
793 3856 957 3943 opinatur.
1010 3855 1098 3923 Nam
1141 3861 1229 3924 recte
1264 3857 1425 3923 Dziatzke
1463 3855 1532 3921 ls.

252 3975 283 4040 p.
302 3953 365 4019 134
388 3953 527 4040 adpend.
544 3954 699 4041 exposuit
721 3953 820 4019 haec:
844 3954 910 4020 ‘Ich
927 3955 1048 4037 glaube
1064 3953 1227 4021 vielmehr
1251 3976 1312 4020 aus
1337 3953 1413 4020 dem
1429 3953 1532 4019 Verso

253 4050 373 4135 gerade
398 4051 527 4134 folgem
549 4074 590 4117 zu
613 4053 761 4132 miissen,
794 4050 858 4117 dati
883 4073 917 4118 er
939 4051 1078 4118 Hellene
1110 4054 1155 4119 ist
1178 4053 1247 4117 und
1270 4052 1316 4117 im
1339 4051 1532 4119 Benehmen

253 4149 363 4215 seiner
390 4148 728 4231 wiedergefundenen
752 4149 895 4216 Toohter
917 4149 1103 4233 gleichfalls
1131 4149 1332 4216 hellenisohe
1355 4150 1428 4232 Art,
1460 4149 1534 4215 also

254 4248 327 4313 eine
342 4247 566 4330 Restatigung
588 4247 675 4313 ihrer
689 4246 858 4314 Herkunit
882 4248 989 4329 sieht’‚
1013 4249 1208 4333 praesertim
1232 4269 1307 4314 eum
1331 4269 1398 4314 non
1421 4268 1533 4314 rarum

251 4345 354 4411 fuerit
382 4345 447 4411 hoo
476 4366 599 4411 nomen
634 4344 724 4431 apud
760 4346 850 4411 ciues
882 4345 1013 4411 Atticos
1045 4346 1082 4410 cf.
1106 4345 1268 4412 Kirchner
1291 4345 1310 4411 l.
1328 4346 1398 4411 sH
1420 4366 1450 4431 p.
1467 4345 1534 4410 184

252 4443 311 4510 No.
331 4444 437 4510 11676
451 4466 520 4531 sqq.
565 4441 681 4528 Neque
709 4443 786 4509 inde
816 4442 905 4530 quod
932 4443 1098 4509 Pataecus
1126 4466 1157 4509 u,
1174 4443 1216 4509 33
1235 4445 1388 4528 Ἕλληνος
1409 4445 1531 4528 τρόπον

252 4562 320 4607 non
347 4544 490 4607 Ἀττικοῦ
524 4545 645 4627 τρόπον
680 4541 774 4622 dicit,
811 4544 1045 4624 argumentum
1081 4545 1194 4627 potest
1227 4542 1297 4629 peti
1331 4562 1397 4627 quo
1431 4540 1532 4607 huius

252 4638 386 4704 tabulae
433 4660 590 4706 scaenam
628 4639 772 4705 Athenis
809 4659 877 4704 non
917 4660 990 4705 esse
1030 4639 1212 4706 euincatur.
1266 4639 1353 4705 Nam
1399 4639 1533 4708 etiamsi
