3442 5130
796 351 1017 416 ...32-

266 531 480 612 προσέρχεται,
505 527 534 593 d.
550 529 581 593 h.
599 529 794 614 opportune,
818 528 1033 614 intempore,
1057 530 1121 595 wie
1146 549 1181 594 es
1206 550 1242 594 so
1267 528 1319 596 oft
1337 531 1391 596 bei
1406 530 1549 598 Plautus

265 625 337 692 und
352 626 477 692 Terens
499 625 601 692 heiiit.
638 624 719 690 Nur.
732 625 827 692 hatte
851 626 905 691 ich
928 626 982 691 fiir
997 629 1156 711 ἄχρηστος
1180 647 1259 710 gem
1278 630 1386 695 etwas
1402 628 1549 695 Passen-

267 723 362 791 deres
393 723 562 805 austindig
593 723 768 806 gemacht?
815 725 864 790 Ao
895 725 935 790 de
963 723 1132 790 infinitiuo
1157 733 1268 809 γαμεῖν
1293 726 1371 810 quid
1395 727 1440 792 sit
1462 727 1549 793 iudi·

268 820 411 888 candum
435 842 537 908 supra
559 820 716 904 diximus
741 841 802 887 nec
825 820 865 886 de
890 824 1048 906 ἄχρηστος
1071 821 1186 888 multis
1209 821 1371 889 disserere
1388 845 1471 910 opus
1488 828 1549 908 est,

267 919 388 1006 quippe
405 940 490 1005 quae
507 919 697 984 coniectura
712 919 776 1006 ipsi
792 920 920 984 auctori
937 917 1117 1006 displiceat.
1150 919 1216 986 Sed
1232 920 1321 1007 quod
1335 923 1415 986 κατὰ
1427 920 1548 1012 τ[ύχην]

266 1017 445 1104 suppleuit,
475 1016 611 1082 minime
642 1017 676 1082 in
708 1022 856 1103 tempore
880 1017 997 1083 Dauus
1021 1016 1155 1083 uidetur
1177 1018 1299 1084 uenire.
1345 1020 1448 1086 Immo
1472 1020 1549 1087 inde

268 1115 356 1202 quod
378 1113 548 1202 Myrrhina
579 1115 637 1180 ubi
668 1114 762 1180 illum
786 1115 969 1201 conspexit,
1001 1113 1176 1181 Philinnae
1200 1119 1240 1181 ut
1263 1137 1376 1182 secum
1399 1117 1549 1204 paullum

267 1212 403 1278 secedat
432 1213 583 1298 imperat,
601 1233 691 1286 ¹eam
722 1233 797 1279 cum
832 1233 929 1278 seruo
961 1211 1116 1296 congredi
1145 1213 1258 1280 nescio
1290 1213 1421 1300 quade
1446 1235 1550 1281 causa

267 1310 374 1376 uereri
402 1309 587 1377 concludes.
634 1310 726 1391 Quae
750 1331 827 1377 cum
849 1311 899 1376 ita
921 1311 999 1392 sint,
1030 1310 1141 1377 facere
1165 1311 1224 1377 uix
1246 1332 1435 1398 possumne,
1468 1313 1549 1399 quin

268 1408 309 1473 ad
343 1428 384 1473 ea
415 1429 500 1493 quae
530 1407 685 1474 Britanni
716 1409 957 1490 coniecerunt1)
988 1407 1194 1492 refugiamus
1218 1407 1352 1499 [λόγους]
1376 1413 1549 1483 τοσούτους

267 1503 461 1594 κατατ[ίθου]
495 1507 532 1573 cl.
555 1505 640 1571 Plat.
665 1504 746 1573 Tim.
770 1528 800 1592 p.
821 1505 865 1573 59
889 1505 941 1571 OD
973 1511 1013 1591 ἣν
1043 1508 1118 1571 ὅταν
1149 1533 1194 1579 τις
1222 1510 1433 1580 ἀναπαύσεως
1457 1511 1548 1574 ἕνεκα
1668 1523 1669 1526 ’

267 1604 341 1675 τοὺς
364 1605 436 1686 περὶ
458 1611 522 1669 τῶν
545 1607 647 1668 ὄντων
671 1605 719 1668 ἀεὶ
741 1607 961 1688 καταθέμενος
983 1606 1108 1688 λόγους,
1131 1605 1205 1676 τοὺς
1227 1608 1379 1688 γενέσεως
1393 1609 1465 1689 πέρι
1481 1609 1548 1671 dta-

267 1704 434 1786 θεώμενος
456 1703 579 1773 εἰκότας
602 1704 837 1786 ἀμεταμέλητον
861 1704 982 1787 ἡδονὴν
1005 1710 1121 1777 κτᾶται,
1144 1706 1273 1786 μέτριον
1297 1707 1336 1768 ἂν
1356 1706 1389 1768 ἕν
1403 1711 1461 1768 τῶι
1476 1707 1549 1787 βίων

267 1801 395 1864 παιδιὰν
419 1801 472 1864 καὶ
487 1802 646 1884 φρόνιμον
661 1808 791 1865 ποιοῖτο.
827 1800 894 1866 Sed
909 1822 986 1866 cum
1000 1799 1157 1882 Philinna
1173 1803 1276 1866 antea
1292 1821 1366 1867 sese
1382 1801 1549 1868 facturam

269 1918 343 1963 esse
367 1895 509 1980 gloriata
533 1897 576 1963 sit
599 1896 688 1983 quod
709 1897 868 1983 perficere
891 1919 1065 1983 nunquam
1080 1899 1202 1984 potest,
1226 1919 1284 1984 pro
1300 1901 1417 1982 λόγους
1432 1920 1549 1965 uocem

269 1998 484 2082 expectamus
507 1997 617 2060 minus
641 1995 833 2079 ambiguam
853 2000 888 2062 et
904 2017 990 2082 quae
1006 1997 1183 2077 angustius
1199 1995 1325 2081 ualeat,
1350 1995 1549 2063 utfortasse

268 2096 424 2178 κόμπους,
451 2115 538 2178 quae
561 2114 629 2159 uox
652 2091 742 2178 apud
756 2093 890 2159 Atticos
914 2096 948 2159 et
970 2093 1134 2179 inprimis
1158 2092 1248 2179 apud
1271 2095 1414 2177 tragicos
1430 2097 1550 2182 poetas

268 2192 400 2354 ἓῗγὲοῒῧ
412 2212 454 2256 ne
468 2191 691 2354 {Oopmoediae
707 2189 841 2276 quidem
857 2190 968 2256 aliena
984 2193 1037 2256 est
1053 2189 1196 2257 dictione
1213 2190 1252 2258 oi.
1265 2191 1359 2258 Alex.
1371 2193 1407 2260 lr.
1420 2191 1549 2278 25‚9K

422 2310 451 2375 p.

538 2397 644 2479 ἀρεταὶ
667 2397 702 2460 δὲ
725 2399 888 2480 πρεσβεῖαί
908 2422 940 2461 τε
963 2397 1016 2460 καὶ
1040 2399 1218 2481 στρατηγίαι

537 2496 658 2578 κόμποι
681 2496 768 2559 κενοὶ
791 2501 956 2577 ψοφοῦσιν
980 2497 1052 2558 ‹irr'¹
1076 2497 1257 2578 ὀνειράτων.

269 2607 322 2674 Ad
333 2610 445 2675 cetera
457 2611 571 2675 eutem
578 2609 767 2697 Myrrhinae
776 2609 1108 2692 uerbarestituenda‚
1123 2631 1196 2676 cum
1208 2608 1551 2696 quodvanLeeuwen

269 2707 418 2790 coniecit,
434 2706 468 2772 id
484 2710 574 2773 stare
590 2728 658 2772 non
670 2728 769 2794 posse
785 2729 886 2795 supra
902 2706 1156 2790 ostenderimus,
1169 2709 1312 2793 primum
1323 2708 1358 2773 in
1375 2727 1551 2774 censuram

269 2827 428 2872 uouemus
451 2804 583 2889 Georgii
605 2804 724 2871 Kaibel
748 2804 1018 2893 supplementum
1040 2809 1149 2889 ἡμῶν

1015 2923 1222 3004 προσέρχεται

590 3017 705 3108 [ἡμῶν]
730 3022 749 3085 ό
771 3021 929 3105 θεράπων
952 3021 986 3094 ἐξ
1009 3021 1109 3101 ἀγροῦ
1134 3019 1228 3090 Δᾶος.

269 3135 319 3201 Ac
341 3135 544 3222 Myrrhinam
575 3135 801 3202 adulescentis
833 3156 906 3200 esse
930 3155 1109 3200 nouercam
1132 3134 1187 3200 ille
1211 3135 1379 3221 opinatur,
1412 3154 1498 3218 quae
1522 3134 1552 3198 si

270 3235 369 3316 esset,
402 3237 489 3299 certe
513 3234 656 3316 Dauum,
689 3254 788 3319 quem
813 3253 948 3298 seruum
972 3253 1047 3298 esso
1071 3230 1111 3298 de
1135 3233 1207 3298 eius
1230 3230 1367 3314 familia,
1400 3231 1456 3316 qui
1478 3229 1550 3296 lilio

270 3331 407 3417 nuptias
434 3331 583 3417 adparet,
614 3330 773 3397 Dziatzlro
796 3353 827 3418 p.
844 3331 909 3396 510
932 3329 1070 3416 planum
1093 3329 1184 3415 iacit,
1217 3331 1380 3394 ‘nostrum
1403 3331 1549 3394 seruum³

270 3431 386 3515 posset
408 3429 588 3495 nominare.
628 3430 673 3494 At
694 3427 825 3494 nullum
849 3449 890 3494 ex
914 3429 962 3494 eis
985 3448 1071 3513 quae
1095 3430 1177 3493 sunt
1198 3425 1324 3492 tradita
1346 3428 1460 3513 potest
1482 3425 1551 3512 peti

271 3530 515 3610 argumentum,
548 3547 612 3612 quo
642 3525 773 3608 Georgii
795 3525 915 3592 Kaibel
946 3527 1055 3612 opinio
1088 3524 1327 3610 comprobetur.
1372 3524 1476 3589 Immo
1507 3543 1550 3588 ne

271 3623 424 3690 credibile
447 3625 581 3710 quidem
604 3626 656 3690 est
671 3623 863 3690 Philinnam
887 3643 997 3690 coram
1020 3623 1095 3708 ipsa
1116 3643 1263 3688 nouerca
1281 3624 1353 3687 tam
1367 3620 1551 3686 insolenter

270 3743 301 3788 u.
318 3722 361 3786 29
383 3721 474 3808 loqui
491 3720 530 3788 de
545 3721 705 3807 priuigno.
744 3721 819 3788 Huc
835 3721 1000 3787 accedunt
1016 3722 1215 3803 argumenta
1230 3741 1252 3785 a
1267 3718 1472 3785 Dziatzkone
1488 3717 1507 3784 l.
1524 3740 1549 3784 s.

270 3840 300 3905 p.
324 3820 388 3884 517
402 3841 448 3906 sq.
480 3823 678 3886 enumerata
708 3840 794 3906 quae
827 3840 909 3884 sane
940 3821 1021 3884 sunt
1050 3817 1250 3883 firmissima
1303 3816 1430 3883 Deinde
1462 3813 1551 3902 quod

271 3919 376 3983 αὐτῶν
400 3917 603 4004 scripserunt
623 3916 736 3983 Nicole
751 3917 841 3984 Weil
856 3916 1027 3992 Dziatzko,
1053 3937 1127 3981 cum
1152 3917 1255 3980 antea
1278 3913 1318 3979 de
1341 3935 1408 3980 uno
1433 3913 1551 3979 adule-

272 4018 385 4081 scente
405 4036 473 4081 non
489 4013 530 4081 de
547 4016 618 4082 eius
637 4014 764 4082 familia
780 4014 877 4080 domo
895 4014 1090 4101 parentibus
1107 4013 1211 4079 uerba
1227 4012 1296 4078 sint
1310 4010 1411 4096 faeta,
1434 4031 1552 4077 uereor

271 4113 312 4178 ut
338 4113 400 4178 hoc
424 4113 508 4178 satis
532 4111 672 4178 dilucide
696 4113 741 4179 sit
764 4111 899 4178 dictum.
944 4112 1060 4196 Neque
1083 4115 1159 4196 ἡμῖν
1183 4110 1271 4196 quod
1293 4109 1446 4176 Britanni
1470 4129 1551 4175 con-

270 4209 420 4276 iecerunt
450 4209 569 4297 placet,
602 4210 760 4297 quoniam
790 4209 923 4275 uidetur
947 4230 1020 4275 esse
1044 4229 1340 4295 superuacaneum.
1386 4206 1452 4273 Sed
1475 4225 1552 4284 cum

382 4405 401 4474 ¹l
420 4405 500 4460 Blass
519 4405 566 4476 qui
585 4403 690 4475 [ὅρκους]
702 4403 838 4460 τοσούτους
852 4401 1064 4476 κατα<π>σι[τῶν]
1085 4404 1214 4468 coniecit,
1234 4402 1310 4474 quod
1328 4421 1344 4453 τ
1356 4401 1385 4456 in
1396 4420 1418 4453 π
1430 4400 1554 4455 mutauit

271 4502 329 4540 non
348 4485 470 4540 feliciter
490 4485 618 4540 defendit
636 4501 700 4539 cum
719 4485 853 4539 adnotat:
872 4483 1040 4554 ‘Allerdings
1058 4485 1136 4538 lesen
1149 4483 1247 4537 Nicole
1269 4483 1325 4536 und
1337 4481 1554 4536 Greniell-Hunt

270 4584 364 4631 κστατ,
383 4566 452 4620 aber
470 4565 515 4619 die
533 4564 719 4619 Handschriit
737 4565 826 4619 selbst
844 4565 882 4618 ist
900 4565 967 4618 sehr
983 4562 1156 4618 fehlerhaft.'
1192 4563 1264 4618 Nam
1283 4561 1331 4633 qui
1350 4561 1379 4616 in
1399 4561 1454 4616 hac
1472 4561 1554 4615 certa

271 4644 446 4701 recensenda
463 4644 514 4700 tali
533 4648 628 4699 utetur
645 4644 764 4712 ratione,
784 4643 879 4700 omnia
897 4644 1003 4715 poterit
1021 4646 1148 4715 probare,
1169 4658 1352 4714 quaecunque
1370 4642 1456 4696 uolet.
