3448 5134
775 385 998 452 -90-

459 567 533 648 ὄψει
554 566 696 648 παρόντα
720 568 781 630 κᾶν
806 564 966 637 ἐνιαυτοὺς
989 565 1103 648 σφόδρ’
1120 566 1254 648 ὀλίγους.

246 665 357 749 Atque
380 662 473 748 ipsae
497 663 686 729 sententiae
711 662 758 728 sic
788 662 934 728 interae
959 662 1141 748 excipiunt:
1178 661 1274 729 Miles
1303 661 1423 729 laudat
1446 685 1529 730 con-

246 759 410 838 dicionem
441 763 476 826 et
506 781 581 826 cum
620 760 743 826 ancilla
779 781 981 845 responsura
1015 760 1061 826 sit
1094 760 1173 826 ‘iam
1216 760 1301 827 satis
1344 764 1398 826 est
1439 762 1528 847 quod

245 858 436 946 promisisti'
468 859 646 925 interfatur
683 863 718 924 et
748 879 878 924 summo
913 857 1034 942 gaudio
1070 857 1245 924 exsultans
1277 862 1381 942 auget
1409 859 1530 926 laudes

246 980 300 1023 uu.
317 958 421 1043 7sqq.
446 1006 546 1022 .....
571 978 655 1042 quos
678 955 830 1023 Britanni
854 957 901 1022 sic
925 955 1113 1022 ediderunt:

461 1057 578 1138 ὑπέρευ
597 1057 704 1138 λέγεις,
725 1056 842 1140 βάδιζ’,
860 1056 924 1138 ἐγὼ
944 1052 1009 1144 (δ’)
1029 1053 1228 1142 ἐλευθέραν]

461 1165 572 1246 αὔριον
596 1164 723 1247 ἀφήσω,
748 1163 839 1246 Δωρί
859 1141 1093 1251 <σ’>1).ἀλλ’ὃ
1117 1160 1180 1249 ὅε[ῖ
1199 1161 1309 1248 λέγειν]

461 1272 610 1335 ἄκουσον.
1126 1253 1132 1263 ’

246 1368 284 1432 In
296 1367 349 1432 his
360 1366 514 1432 uersibus
527 1368 717 1451 ἐλευθέραν]
733 1367 737 1454 l
750 1369 921 1451 -ἀφήσω
935 1367 1006 1432 sine
1020 1365 1120 1432 dubio
1130 1387 1247 1432 uerum
1256 1369 1317 1452 est,
1331 1367 1528 1453 praesertim

248 1485 324 1532 cum
346 1465 565 1530 manumissio
589 1487 676 1551 quae
698 1463 818 1531 dicitur
834 1486 901 1531 non
917 1485 991 1530 raro
1009 1468 1144 1531 occurat
1158 1465 1194 1529 in
1209 1485 1319 1530 nouae
1336 1464 1530 1531 comoediae

247 1563 372 1629 fabulis
411 1562 451 1628 cf.
472 1561 581 1630 Plaut.
606 1562 698 1650 Epid.
720 1564 784 1628 726
805 1584 853 1649 sq.
892 1561 965 1627 Aul.
986 1563 1052 1629 824
1068 1584 1137 1649 sqq.
1176 1561 1423 1649 Merc.152sq.
1461 1562 1528 1629 Mil.

248 1662 335 1729 Glor.
354 1660 461 1743 1194).
515 1660 580 1726 Sed
612 1662 724 1726 minus
755 1661 866 1746 placet
897 1660 1037 1726 uerbum
1067 1662 1167 1744 λέγειν
1196 1681 1239 1726 ne
1270 1660 1530 1746 uniusquidem

247 1779 366 1825 uersus
381 1759 492 1844 spatio
507 1759 698 1824 intermisso
715 1758 883 1825 iteratum.
914 1758 1033 1844 ltaque
1048 1759 1191 1824 fortasse
1207 1758 1330 1824 rectius
1347 1759 1530 1824 scribemus

247 1865 345 1939 ποεῖν,
370 1855 459 1943 quod
482 1856 568 1922 bene
592 1855 635 1921 ad
660 1856 819 1922 orationis
855 1858 1050 1922 contextum
1086 1855 1235 1941 quadret
1281 1855 1416 1923 Polemo
1440 1857 1529 1922 enim

248 1954 404 2020 ancillam
421 1954 514 2020 cuius
530 1954 611 2018 fidei
628 1973 813 2040 operaeque
829 1955 972 2037 gratiam
987 1952 1113 2019 referat
1127 1975 1202 2020 sese
1223 1975 1326 2020 manu
1350 1955 1530 2020 missurum
1556 2040 1558 2045 .

247 2052 430 2139 pollicetur,
462 2055 535 2117 tum
566 2051 658 2117 abire
682 2051 784 2117 iubet.
832 2051 897 2118 Sed
929 2053 1008 2117 dum
1031 2050 1089 2117 illa
1113 2052 1247 2118 domum
1269 2053 1385 2135 intrat,
1416 2053 1530 2118 nescio

248 2150 328 2236 quid
352 2151 382 2215 ei
405 2150 565 2216 mandare
582 2149 735 2232 oblitust
759 2148 884 2215 frustra
899 2170 1055 2215 reuocare
1080 2154 1232 2216 conatur:
1256 2152 1439 2235 εἰσελήλυθ’.
1455 2173 1486 2215 u.
1500 2150 1529 2217 9.

250 2247 335 2313 Tum
378 2246 470 2312 solus
504 2247 540 2312 in
574 2268 698 2313 scaena
730 2249 883 2312 remanet
925 2268 973 2328 ac,
1010 2268 1077 2333 qua
1118 2249 1153 2312 in
1195 2268 1304 2313 rerum
1339 2248 1530 2314 condicione

247 2348 403 2411 uersetur
426 2348 461 2410 et
491 2345 606 2410 curin
637 2345 727 2410 hunc
758 2347 886 2410 statum
910 2344 955 2410 sit
985 2344 1141 2411 redactus
1165 2367 1240 2411 cum
1264 2345 1433 2429 deliberet,
1462 2347 1529 2412 ira-

249 2442 389 2509 cundiae
414 2464 454 2508 ac
477 2442 657 2508 uiolentiae
673 2442 824 2509 meminit
848 2431 933 2508 effu.
950 2442 1053 2528 9sqq.
1099 2443 1262 2509 Bacchica
1286 2445 1373 2509 enim
1397 2445 1531 2510 insania

249 2545 351 2628 atque
383 2543 564 2626 ζηλοτυπίαι
595 2562 698 2628 quam
727 2539 843 2607 Graeci
877 2541 992 2606 dicunt
1022 2541 1119 2626 quasi
1151 2542 1353 2608 obcaecatus
1388 2543 1530 2608 amicam

248 2639 400 2722 uiolauit,
424 2639 458 2704 id
482 2638 751 2724 quodeiabulae
775 2642 973 2722 argumento
990 2638 1088 2724 quale
1112 2639 1268 2704 nouimus
1292 2642 1445 2726 apertum
1469 2643 1528 2705 est

249 2738 298 2802 Ac
321 2757 459 2803 oausam
492 2735 593 2803 huius
629 2736 907 2803 aemulationise
938 2757 1039 2802 uersu
1073 2736 1110 2801 ll
1148 2739 1289 2821 ἀδελφὸν
1313 2739 1385 2822 οὐχὶ
1414 2739 1530 2822 μοιχόν

250 2856 442 2919 cognosces:
482 2834 563 2900 Cum
588 2856 609 2900 a
632 2835 786 2901 conuiuio
810 2833 985 2921 quodam³)
1009 2832 1160 2917 redisset,
1184 2836 1315 2901 inuenit
1338 2836 1430 2901 illam
1453 2856 1528 2901 cum

250 2932 465 2999 adulescente
489 2931 633 3018 quodam
656 2932 866 2998 familiariter
889 2931 1153 3017 conloquentem.
1201 2933 1306 3014 Quem
1322 2935 1428 3019 quire
1449 2955 1532 3000 uera

250 3034 341 3098 esset
362 3030 467 3096 frater
496 3030 686 3097 adulterum
717 3052 791 3097 esse
819 3033 914 3096 ratus
942 3033 1039 3096 tanto
1071 3033 1124 3095 est
1153 3030 1385 3098 inflammatus
1407 3030 1529 3115 furore,

249 3134 289 3195 ut
312 3128 447 3215 capillos
471 3129 599 3195 amicae
629 3127 798 3195 recideret.
843 3129 904 3193 His
935 3127 1166 3194 fundamentis
1194 3130 1291 3195 iactis
1315 3132 1427 3195 cetera
1450 3131 1533 3195 sunt

250 3226 444 3314 supplenda.
490 3230 538 3292 Ac
560 3228 703 3313 primum
726 3225 859 3313 quidem
883 3228 1062 3312 quaeritur,
1095 3229 1169 3312 quis
1193 3229 1300 3293 ‘tanto
1333 3247 1430 3313 opere
1454 3247 1530 3292 eum

251 3325 383 3410 ceperit'
422 3326 469 3395 ὡς
505 3326 586 3388 κατὰ
617 3327 733 3408 κράτος
754 3331 787 3408 μ’
812 3327 952 3409 εἴληφας.
1015 3326 1207 3409 [Ιλυκέριου]
1252 3324 1340 3411 quod
1387 3324 1530 3390 editores

251 3423 468 3508 scripserunt,
503 3425 592 3487 recte
623 3421 848 3489 Wilamowitz
879 3444 909 3508 p.
934 3421 977 3487 32
1008 3421 1128 3488 adn.3
1163 3423 1315 3509 reppulit
1361 3421 1531 3509 Adpellari

250 3520 339 3586 enim
374 3520 474 3584 deum
509 3518 654 3604 aliquem
688 3520 761 3585 siue
790 3520 948 3586 Amorem
983 3521 1055 3586 siue
1085 3519 1269 3586 Fortunam
1305 3520 1389 3586 alios
1425 3521 1529 3586 docet.

251 3616 375 3698 Quodsi
390 3618 562 3704 proposuit
578 3619 732 3702 [pdovtp'
749 3619 876 3702 Ἔρως],
894 3620 996 3684 Amor
1007 3621 1171 3705 quantum
1187 3619 1285 3684 uideo
1301 3619 1365 3684 hoc
1381 3619 1529 3704 epitheto

248 3737 318 3782 non
341 3718 491 3798 ornatur,
516 3719 717 3801 quapropter
732 3714 987 3802 praeferendum
1012 3737 1086 3782 esse
1109 3715 1244 3782 uidetur
1268 3717 1386 3801 [σχέτλι’
1412 3717 1530 3800 Ἔρως]

249 3814 305 3879 uel
329 3814 411 3898 [δεῖν’
432 3814 565 3897 Ἔρως].
617 3812 656 3881 ci.
681 3813 903 3895 Bruchmann,
939 3812 1109 3899 ‘Epitheta
1144 3812 1280 3879 deorum
1319 3835 1406 3900 quae
1441 3812 1530 3898 apud

250 3915 369 3997 poetas
393 3910 538 3977 Graecos
561 3910 728 3994 leguntur'
752 3933 781 3998 p.
801 3911 882 3977 113²
908 3912 999 3977 116².

360 4053 379 4122 ¹)
398 4053 545 4107 Traditum
564 4053 674 4108 hiatum
686 4053 826 4108 Dniatzko
846 4053 885 4108 sic
904 4052 1043 4108 detendit:
1063 4051 1129 4107 ‘Der
1140 4053 1208 4109 Hiat
1225 4053 1265 4108 ist
1281 4051 1425 4107 vielleicht
1443 4051 1531 4107 durch

251 4133 297 4187 die
315 4133 426 4197 Caesur,
455 4133 499 4186 die
519 4133 614 4188 starke
632 4133 855 4204 interpunlrtion,
885 4134 978 4189 zumal
997 4133 1070 4188 nach
1096 4133 1186 4188 ciuem
1204 4133 1338 4199 Vohativ,
1366 4133 1424 4187 und
1443 4133 1532 4188 durch

251 4213 297 4267 die
321 4212 410 4266 Natur
439 4213 488 4268 des
512 4213 735 4268 unelidierbaren
752 4235 762 4265 ι
777 4214 928 4284 geuugend
955 4211 1167 4282 entsohuldigt.’
1205 4214 1285 4281 Quod
1313 4219 1447 4285 proptera
1474 4229 1532 4268 non

251 4293 422 4358 crediderim,
443 4293 510 4363 quia
527 4310 563 4347 ne
582 4309 667 4347 unum
686 4293 797 4365 quidem
816 4295 916 4356 adlerri
934 4296 1032 4365 potest
1050 4295 1207 4364 exemplum
1227 4295 1257 4348 et
1274 4293 1371 4349 hiatus
1389 4293 1533 4348 lenissima

251 4376 410 4428 correctura
428 4374 545 4430 tollitur.

358 4455 376 4523 ²)
397 4453 528 4524 atquae
553 4453 588 4508 de
614 4453 728 4524 egregia
754 4457 856 4525 poetae
882 4453 910 4506 in
930 4453 990 4507 eius
1008 4453 1103 4509 indole
1128 4454 1250 4508 breuiter
1269 4452 1452 4508 describenda
1469 4455 1532 4508 arte

251 4535 379 4606 exposuit
396 4534 586 4589 Wilamowita
605 4534 621 4587 l.
636 4551 657 4588 e.
676 4551 702 4603 p.
716 4533 758 4588 33.

358 4615 378 4683 ⁸)
398 4614 434 4669 ci.
453 4632 480 4671 u.
493 4614 528 4669 47
545 4613 577 4666 τὸ
591 4612 637 4666 σὸν
653 4612 790 4684 πάροινον.
827 4613 967 4679 Ribbeck,
987 4613 1096 4669 Alazon
1115 4631 1141 4685 p.
1154 4613 1190 4667 39
1215 4629 1231 4667 e
1255 4612 1329 4667 bello
1355 4629 1419 4668 eum
1437 4612 1532 4668 subito

250 4693 355 4748 redisse
374 4694 441 4748 olim
460 4697 621 4765 putauerat.
659 4739 661 4745 ,
