3442 5130
802 337 1021 401 ..42-

269 517 385 604 Neque
410 516 498 582 enim
521 515 698 603 quisquam
726 513 767 580 de
797 514 932 580 nomine
954 515 1141 587 Κλεαίνετος
1164 513 1331 581 dubitabit
1354 515 1394 582 cf.
1410 514 1553 600 Aloiphr.

269 615 327 702 Ep.
344 614 442 681 11172
465 634 495 698 p.
512 613 554 679 93
575 612 694 678 Horeb.
712 617 746 678 et
761 610 923 678 Kirchner
945 611 965 677 l.
982 611 1038 677 sl
1060 633 1090 697 p.
1107 612 1172 678 566
1186 633 1232 698 sq.
1254 611 1313 679 N0.
1330 612 1552 680 8457—8462

269 733 378 799 neque
402 710 443 776 de
477 710 579 776 uerbo
611 709 792 798 σκ[ά]πτων
826 708 914 797 quod
948 731 1017 777 non
1052 710 1140 776 desit
1170 711 1315 776 comicae
1347 711 1483 777 dictioni
1513 713 1552 777 ci.

269 810 436 896 Aristoph.
453 810 545 874 Aues
572 809 657 875 1432
680 807 768 873 Plut.
785 808 850 874 525
875 809 1034 875 comino.
1055 807 1210 890 fr.108‚3
1233 809 1272 873 K.
1290 808 1370 874 GAF
1386 808 1430 874 III
1445 831 1474 894 p.
1487 811 1553 875 424

269 929 378 994 neque
402 906 443 972 de
466 927 549 973 uoce
573 905 751 994 ἀμ[πέλοις]
777 928 807 971 u.
823 905 866 972 47
892 927 966 971 cum
990 905 1053 972 hoo
1076 905 1179 972 uerbo
1204 907 1382 972 coniuncta
1406 906 1444 972 cf.
1468 908 1553 975 Xon.

270 1028 336 1073 oco.
353 1004 415 1070 XX
428 1004 472 1069 20
495 1007 570 1069 ὅταν
591 1006 807 1079 σκαπτάντων,
831 1007 880 1068 ἵνα
903 1007 981 1088 ύλης
1004 1006 1147 1086 καύαραλ
1170 1008 1203 1069 αῖ
1229 1007 1362 1088 ἄμπελοι
1391 1008 1551 1088 γένωνται,

270 1107 355 1169 οὕτω
378 1106 561 1168 σκάπτωσιν
574 1105 656 1168 ῶστε
678 1105 777 1168 πλείω
797 1103 852 1166 καί
863 1104 981 1166 καλλίω
993 1104 1050 1186 τὴν
1061 1105 1141 1186 ύλην
1164 1105 1333 1185 γίγνεσθαι,
1356 1110 1428 1174 πῶς
1451 1106 1554 1175 οὕτως

270 1206 330 1268 οὐκ
354 1201 453 1286 ἀργὸν
484 1205 523 1266 ἂν
554 1204 672 1285 φήσαις
701 1203 793 1279 ελναι,·
823 1199 917 1266 Diod.
933 1199 978 1264 IV
994 1200 1076 1282 31,7
1101 1201 1207 1265 Συλέα
1231 1202 1266 1265 ἀὲ
1287 1201 1362 1272 τοὺς
1384 1203 1554 1286 παριόντας

270 1303 381 1374 ξένους
398 1350 404 1363 .
423 1350 428 1362 .
447 1352 453 1365 .
473 1299 546 1370 τοὺς
569 1301 760 1382 ἀμπελῶνας
775 1300 922 1362 σκάπτειν
938 1300 1164 1388 ἀναγκάζοντα.
1203 1296 1277 1363 Huc
1293 1302 1408 1363 autem
1424 1299 1553 1365 accedit

270 1395 533 1483 Geoponicorum
552 1394 626 1460 libri
638 1395 677 1460 V.
690 1397 793 1481 caput
806 1395 849 1459 25
872 1417 902 1480 p.
922 1395 984 1460 148
996 1395 1118 1476 Beckh,
1140 1394 1227 1480 quod
1245 1400 1347 1481 caput
1361 1396 1553 1462 inscribitur

269 1497 345 1559 πότε
368 1496 419 1559 ἀεῖ
438 1496 586 1558 σκάπτειν
612 1494 668 1564 τάς
691 1495 806 1564 τελείας
833 1495 995 1576 ἀμπέλους
1021 1495 1075 1558 καὶ
1088 1497 1164 1558 ποία
1188 1502 1244 1559 τοῦ
1260 1496 1389 1577 σκάφου
1414 1497 1551 1578 ῶφέλεια

270 1596 306 1657 et
335 1591 451 1677 incipit
482 1591 525 1655 ab
549 1590 602 1654 his
625 1591 754 1655 uerbis:
784 1591 944 1656 Σκάπτειν
975 1593 1010 1655 δὲ
1033 1593 1094 1675 χρὴ
1125 1592 1190 1674 πρὸ
1213 1594 1350 1676 βλαστοῦ
1378 1594 1549 1676 προβολῆς,

271 1693 354 1773 ὁμοῦ
379 1690 439 1772 γὰρ
462 1697 510 1773 τῆι
532 1691 655 1772 πρῶτηι
672 1691 811 1772 γεννήσει
826 1695 891 1753 τῶν
905 1691 1054 1772 βοτρύων
1076 1692 1205 1773 καὶτῆς
1227 1692 1364 1774 βλάστης
1384 1693 1550 1774 φυομένης

270 1790 288 1852 ὁ
311 1788 389 1870 μετά
424 1788 481 1870 τὴν
515 1789 720 1871 έκβλάστησιν
753 1789 904 1851 σκάπτων
939 1787 1020 1850 πολὺ
1059 1789 1168 1852 ἐκσείει
1202 1789 1255 1851 καὶ
1290 1790 1460 1871 ἀποβάλλει
1491 1796 1549 1852 τοῦ

270 1892 397 1969 καρποῦ
420 1893 469 1968 τῆι
491 1887 618 1967 κινήσει.
663 1886 775 1970 Atque
809 1883 886 1949 inde
918 1883 1007 1970 quod
1038 1885 1159 1950 uitium
1189 1886 1338 1968 germina
1366 1907 1405 1950 eo
1436 1906 1552 1951 mense

271 1985 328 2068 qui
358 1982 398 2047 de
433 1981 573 2047 floribus
608 1983 883 2067 prouenientibus
918 2002 1041 2052 nomen
1086 1983 1214 2068 accepit
1243 1984 1475 2068 Ἄνθεοτηριών
1516 1984 1552 2048 in

272 2079 415 2146 Graecia
438 2078 632 2165 plerumque
656 2083 850 2161 nascuntur,
875 2079 989 2144 fodere
1014 2083 1128 2146 autem
1152 2084 1254 2146 antea
1277 2085 1417 2166 oportet,
1450 2082 1551 2147 etiam

272 2177 498 2261 Oleaenetum,
523 2181 562 2242 ut
578 2181 669 2243 esset
684 2198 794 2243 rerum
809 2178 936 2262 peritus
960 2176 1104 2259 agricola
1127 2182 1228 2265 atque
1252 2177 1446 2259 industrius
1472 2183 1550 2244 ante

270 2275 360 2341 bunc
383 2295 531 2340 mensem
554 2273 711 2341 fodiendo
736 2295 870 2361 operam
896 2274 1026 2340 dedisse
1051 2274 1236 2341 concludes.

378 2390 449 2455 Iam
472 2411 559 2478 quae
590 2397 777 2477 sequuntur
800 2411 854 2456 uu.
872 2390 1004 2455 39-54
1036 2412 1077 2456 ea
1099 2391 1274 2477 perspicua
1305 2394 1386 2456 sunt
1409 2396 1444 2457 et
1466 2392 1551 2456 bene

271 2489 405 2554 tradita.
451 2487 519 2554 Nec
550 2509 618 2554 non
642 2489 763 2576 quibus
793 2488 944 2574 personis
977 2489 1108 2572 singula
1136 2490 1240 2554 uerba
1270 2488 1450 2554 tribuenda
1473 2490 1549 2570 sint,

271 2587 488 2652 manifestum
512 2591 573 2651 est.
619 2587 668 2651 Ae
684 2585 725 2650 de
740 2588 858 2650 τάλαιν’
875 2589 938 2669 ἐγώ
962 2608 993 2653 u.
1010 2589 1053 2652 49
1077 2589 1165 2652 recte
1190 2586 1375 2673 disputauil
1391 2586 1550 2652 Driatzko

270 2707 301 2770 p.
325 2685 387 2749 511
432 2688 466 2749 et
503 2685 537 2748 τὸ
560 2686 660 2766 πέρας
684 2685 713 2748 δ’
730 2687 830 2749 ἄκουέ
858 2709 924 2768 μου
948 2684 1126 2770 Hegesippi
1172 2685 1283 2749 uerbis
1329 2683 1552 2749 inlustrantur

271 2781 308 2846 fr.
326 2781 410 2863 1,10
421 2781 460 2846 K.
478 2780 559 2846 GAF
575 2781 618 2845 Ill
640 2803 670 2867 p.
688 2781 751 2846 312
775 2783 811 2846 τὸ
827 2785 926 2865 πέρας
950 2807 999 2847 σοι
1020 2784 1112 2864 λέγω.
1137 2782 1202 2848 Sed
1227 2783 1267 2847 de
1283 2784 1394 2848 uerbis
1417 2784 1552 2867 βουβὼν

273 2881 429 2963 ε’πήρύη1)
461 2886 518 2944 τῶν
549 2882 669 2963 γέροντι
699 2881 789 2947 ubl
822 2879 933 2966 paullo
965 2880 1100 2944 uberius
1132 2885 1185 2946 est
1216 2880 1452 2946 disserendum.
1499 2878 1551 2944 Ad

273 2997 359 3062 quae
383 2977 488 3042 uerba
509 2981 598 3042 recte
613 2997 681 3041 van
697 2976 864 3043 Leeuwen
889 2976 1042 3042 adnotat:
1066 2977 1199 3042 ‘Tibiae
1215 2978 1339 3042 uulnus
1362 2977 1553 3060 neglectum

272 3074 390 3141 infecit
413 3077 620 3160 sanguinem,
645 3076 723 3140 hinc
746 3076 892 3157 inguinis
908 3079 1019 3139 tumor
1039 3075 1286 3161 uehemensque
1302 3076 1460 3158 lebris³²),
1486 3097 1552 3161 qua

273 3171 313 3237 de
348 3195 383 3238 re
416 3172 518 3238 uelim
557 3174 707 3238 conferas
747 3173 925 3238 Alexandr.
954 3171 1096 3258 Aphrod.
1128 3177 1277 3256 ἰατρικῶν
1314 3176 1368 3238 καὶ
1405 3180 1552 3256 φυσικῶν

272 3273 510 3355 προβλημάτων
533 3270 561 3334 ll
595 3270 635 3334 12
659 3302 702 3326 =
725 3270 826 3356 Phys.
851 3274 884 3336 et
916 3268 1000 3336 med.
1034 3269 1086 3336 Gr.
1118 3271 1230 3336 minl
1260 3292 1290 3356 p.
1307 3271 1416 3354 57,23
1447 3269 1553 3336 Ideler

274 3369 333 3432 Διὰ
356 3371 385 3431 τί
407 3371 442 3432 ἐκ
465 3371 743 3452 προσπταίσματος
765 3369 898 3453 βουβὼν
923 3371 1049 3450 γίνεται,Ι
1073 3391 1100 3433 e.
1117 3390 1146 3454 q.
1163 3391 1188 3432 S.
1213 3371 1247 3434 et
1270 3390 1355 3454 quae
1379 3367 1468 3433 idom
1491 3367 1510 3432 l.
1526 3390 1551 3433 S.

272 3465 287 3530 l
314 3465 455 3531 10711
478 3486 507 3550 p.
529 3464 581 3548 36,
599 3466 639 3529 18
670 3464 774 3530 Ideler
804 3466 954 3552 exponit:
993 3467 1051 3530 Διά
1081 3469 1111 3529 τί
1139 3469 1190 3530 ε’πλ
1219 3473 1276 3530 τῶι
1303 3470 1552 3550 προσπταίσματι

272 3571 328 3628 τοῦ
345 3566 378 3628 ἐν
393 3565 468 3628 nodi
485 3565 640 3628 δακτύλου
656 3565 789 3648 βουβὼν
812 3567 1006 3628 ἐπανίσταται
1011 3591 1022 3641 ,·
1045 3566 1091 3629 ὅτι
1111 3567 1130 3646 ἡ
1148 3566 1242 3646 φύσις
1257 3567 1304 3629 ἀεὶ
1326 3567 1550 3648 προνοουμένη

272 3664 386 3726 τούτου
402 3669 458 3726 τού
486 3664 643 3744 σώματος,
667 3663 764 3726 είωύε
786 3664 989 3746 προστρέχειν
1011 3669 1076 3732 τοῖς
1099 3663 1305 3744 ὀδυνομένοις
1331 3665 1456 3745 μορίοις
1471 3662 1553 3744 πρὸς

273 3761 456 3842 ἐπικουρίαν
487 3761 602 3823 αὐτῶν.
630 3760 696 3822 ἐπεὶ
731 3760 765 3824 ἀὲ
796 3762 931 3842 ὀχήματι
964 3763 1114 3842 κέχρηται
1147 3766 1203 3823 τῶι
1241 3763 1454 3843 χρηστοτέρωι
1487 3767 1553 3824 τῶν

272 3864 396 3940 χυμῶν,
420 3859 473 3921 καὶ
495 3859 640 3939 τρέφοντι
663 3858 717 3920 καί
740 3860 910 3941 συμφύτωι
929 3859 1072 3941 -φημὶ
1094 3864 1151 3921 τῶι
1174 3861 1279 3941 αἵματι
1294 3896 1339 3903 -
1354 3859 1433 3922 ἐπάν
1456 3859 1551 3940 ἀναγ-

272 3961 365 4018 καῖον
387 3956 590 4038 πληροῦσθαι
619 3955 675 4025 τὰς
699 3957 732 4018 ἐν
762 3962 818 4020 τῶι
848 3957 991 4038 βουβῶνι
1020 3958 1166 4038 μεγίστας
1190 3958 1309 4039 φλέβας
1337 3958 1475 4026 ἐνούσας·
1499 3957 1553 4021 καὶ

274 4055 377 4122 ούτως
393 4052 447 4114 καί
469 4051 542 4122 τούς
565 4053 682 4135 μεταξὺ
698 4059 762 4116 τῶν
778 4054 914 4134 ἀγγείων
930 4054 1053 4128 notrae,
1077 4055 1346 4136 στρογγυλοειόῶς
1368 4060 1464 4136 σῶμα
1479 4078 1552 4135 τυγ-

272 4151 435 4232 χάνοντας,
458 4152 478 4232 ἡ
503 4149 561 4213 οὖν
585 4151 720 4232 ἄμετρος
751 4152 915 4233 σφήνωσις
938 4152 1121 4233 φλεγμονὴν
1144 4153 1197 4214 καὶ
1228 4155 1357 4233 ἔπαρσιν
1382 4153 1551 4234 ἐργάζεται·

380 4407 399 4475 ¹)
419 4406 494 4476 quod
514 4408 629 4462 uerbum
648 4423 711 4460 cum
737 4421 807 4461 uoce
826 4404 928 4475 βουβών
946 4407 1020 4461 solet
1038 4406 1170 4475 coniungi
1195 4407 1232 4462 oi.
1251 4407 1394 4472 Villoison
1414 4406 1553 4461 Anecdot.

274 4484 319 4540 Gr.
333 4485 359 4539 II
377 4503 404 4556 p.
414 4486 450 4539 24
467 4502 510 4540 ex.
529 4490 574 4538 καὶ
592 4483 675 4553 μέσον
693 4477 738 4537 οὖν
755 4489 800 4552 τῆς
817 4486 926 4557 πορείας
944 4485 1026 4537 αἰτῶι
1044 4489 1172 4555 βουβῶνος
1191 4485 1364 4557 ἐπαρθέντος.

380 4567 399 4634 ⁹)
420 4566 454 4620 de
471 4565 598 4621 febribus
617 4583 632 4620 e
651 4567 807 4621 tumoribus
825 4581 898 4636 quae
923 4566 1050 4620 oriuntur
1068 4568 1105 4621 ci.
1124 4567 1254 4636 ilippoor.
1274 4563 1419 4634 ἐπιδημίαν
1436 4566 1462 4620 Il
1480 4566 1553 4621 bled.

274 4645 320 4700 Gr.
339 4645 428 4699 XXlIl
446 4663 474 4716 p.
492 4646 546 4702 449
565 4646 650 4700 thn
670 4639 698 4698 οἱ
714 4643 757 4698 ἐπὶ
775 4649 892 4715 βονβῶσι
909 4649 1015 4716 πυρετοὶ
1034 4645 1117 4698 κακὸν
1133 4644 1202 4711 πλὴν
1219 4649 1273 4698 τῶν
1290 4645 1437 4717 ἐφημέρων.
