3448 5134
785 364 1008 432 „75-

256 538 407 605 mercede
420 538 590 623 conduxit,
604 539 724 607 etheo
740 563 771 627 p.
785 542 850 608 676
863 564 910 629 sq.
922 541 1156 628 Bekker-thl,
1170 543 1341 611 Charikles
1352 544 1381 610 ΙΙ
1396 568 1426 632 p.
1439 547 1482 612 92
1492 568 1539 635 sq.
1553 571 1556 578 ·

255 634 406 703 Eandem
440 641 535 703 amat
569 637 766 705 adulescens
800 640 942 724 quidam,
974 641 1031 727 qui
1061 644 1101 708 ut
1130 645 1290 728 perpetuo
1323 644 1395 709 eius
1427 664 1539 711 amore

256 733 387 801 fruatur
411 756 485 801 eam
509 734 624 801 studet
647 758 766 803 emere.
813 737 913 804 Ouius
937 737 1162 805 adulescentis
1185 739 1356 807 uoluntati
1379 745 1418 807 ut
1439 743 1539 809 obse-

256 836 394 919 quatur,
431 833 543 899 lenoni
574 835 697 901 suadet
727 836 862 921 hospeS,
897 836 1056 923 quoniam
1087 835 1201 903 militis
1232 838 1284 903 uis
1314 839 1464 905 nonita
1495 841 1540 906 sit

257 930 416 1014 timenda,
442 930 481 997 cf.
505 954 562 997 66.
577 934 621 998 82
637 954 705 1018 sqq.

361 1029 432 1096 Iam
454 1029 490 1094 in
513 1029 565 1094 his
589 1031 742 1097 uersibus
762 1031 851 1097 unde
868 1031 1008 1117 profecti
1024 1053 1141 1099 sumus
1164 1054 1195 1099 6.
1213 1033 1255 1100 97
1272 1034 1417 1100 maxime
1433 1035 1540 1100 medi-

256 1128 331 1192 cina
355 1130 443 1210 eget;
467 1127 502 1193 in
527 1148 591 1213 quo
614 1149 714 1194 uersu
730 1126 1007 1218 [ἀπατώ]μ[ε]νο[ς]
1025 1129 1113 1215 quod
1128 1130 1281 1197 Britanni
1297 1131 1539 1217 suppleuerunt

255 1235 366 1299 minus
398 1237 476 1320 apte
507 1233 641 1300 uidetur
672 1221 908 1319 excogitatum,
930 1220 1012 1322 quia
1036 1257 1100 1322 quo
1125 1237 1222 1303 modo
1254 1237 1330 1304 leno
1355 1237 1539 1325 decipiatur

254 1331 392 1418 planum
415 1352 483 1397 non
506 1332 555 1398 fit.
590 1332 706 1419 Neque
731 1331 780 1422 [οὐ
803 1331 984 1436 delolpfflr,
1008 1331 1079 1437 o[d],
1104 1355 1206 1420 quam
1226 1335 1452 1401 coniecturam
1468 1337 1536 1403 Leo

255 1439 326 1524 ipse
361 1437 471 1504 ‘nicht
499 1438 761 1506 unbedenklich'
792 1443 901 1525 uocet,
935 1441 1227 1527 comprobauerim.
1278 1441 1344 1508 Sed
1378 1443 1539 1530 quidnam

254 1557 364 1602 rerum
387 1537 697 1622 sententiarumque
721 1536 835 1603 ordine
860 1540 1050 1624 comparato
1072 1541 1275 1626 expectetur,
1300 1538 1334 1605 id
1350 1539 1537 1606 considere-

255 1654 338 1700 mus.
369 1632 461 1699 Leno
478 1635 575 1717 enim,
601 1635 723 1720 quippe
746 1636 804 1722 qui
827 1635 909 1701 nihil
928 1637 993 1701 nisi
1016 1639 1197 1723 quaestum
1213 1640 1352 1723 spectet,
1370 1637 1537 1722 intellegit

255 1732 344 1798 697
363 1753 409 1818 sq.
442 1753 515 1798 sese
548 1732 577 1797 si
606 1733 812 1799 meretricem
843 1733 1050 1800 adulescenti
1080 1734 1268 1801 uendiderit
1298 1734 1427 1802 lucrum
1456 1735 1536 1801 illud
1562 1804 1566 1810 ,

256 1829 475 1896 cottidianum
499 1830 700 1896 amissurum
724 1851 797 1896 esse
820 1831 840 1896 i.
857 1853 884 1898 6.
902 1832 1062 1897 damnum
1078 1830 1212 1918 aliquod
1231 1833 1405 1898 iacturum.
1432 1834 1536 1920 Atqui

256 1926 415 1994 damnum
439 1925 564 1994 Graece
587 1930 727 1994 uocatur
749 1932 862 2014 βλάβη.
907 1928 991 2013 Flrgo
1023 1929 1086 1995 hoc
1118 1929 1189 1996 loco
1221 1931 1362 1996 uerbum
1389 1934 1536 2016 βλάπτειν

254 2026 414 2112 scriptum
436 2025 541 2090 fuisse
566 2028 667 2111 atque
692 2028 739 2092 sic
763 2047 836 2093 esse
863 2030 975 2093 totum
996 2027 1106 2093 locum
1136 2027 1382 2094 restituendum
1412 2030 1534 2116 proba-

253 2122 319 2188 bile
343 2126 407 2188 est:

180 2235 182 2238 '
595 2223 713 2300 πωλῶ,·
736 2223 783 2305 μὰ
805 2222 879 2294 τοὺς
903 2225 1031 2288 δώδεκα
1056 2221 1181 2312 [aldebr

356 2415 358 2420 ,
468 2325 527 2416 [ott
546 2325 818 2417 βλαπτό]μ[ε]νο[ς]
829 2331 851 2412 1)
876 2330 927 2393 διὰ
954 2337 1073 2395 τοῦτον.
1130 2313 1138 2328 ⁰
1167 2315 1369 2397 '‘uendam‘?
1399 2331 1533 2397 Minime

252 2456 313 2521 per
339 2432 511 2501 duodecim
539 2434 629 2517 deoS,
662 2420 736 2500 cirm
749 2419 920 2501 ⁴damnum
951 2437 1112 2522 accipiam
1144 2439 1215 2503 eius
1247 2459 1359 2523 causa,
1392 2441 1431 2503 ut
1463 2439 1534 2504 eius

253 2533 423 2599 uoluntati
446 2533 639 2619 obsequar²3
673 2554 737 2619 quo
768 2533 803 2598 in
826 2532 898 2600 loco
932 2535 983 2599 διὰ
1009 2543 1121 2600 τοῦτον
1153 2536 1194 2600 de
1225 2534 1440 2602 adulescente
1472 2535 1535 2601 dici

253 2629 472 2696 manifestum
496 2634 556 2696 est.

358 2728 512 2814 Denique
547 2749 635 2793 unus
671 2729 818 2795 oboritur
851 2728 964 2794 lenoni
999 2729 1173 2816 scrupulus
1209 2752 1273 2816 quo
1305 2729 1460 2817 fortasse,
1496 2733 1535 2796 ut

254 2824 460 2892 adulescenti
498 2825 669 2891 mulierem
703 2827 847 2912 uendat,
880 2830 1146 2893 commoneatur:
1183 2827 1222 2894 cf.
1255 2850 1309 2894 uu.
1334 2829 1377 2895 99
1395 2850 1464 2916 sqq.
1500 2833 1535 2894 et

253 2924 319 2990 Leo
343 2945 373 3010 p.
395 2923 468 2991 677.

360 3029 517 3117 Sequitur
538 3031 646 3117 prima
666 3030 821 3097 columna
844 3031 939 3097 cuius
960 3029 1095 3096 dimidia
1109 3053 1186 3119 pars
1204 3033 1338 3098 omnino
1355 3036 1408 3098 est
1424 3033 1535 3098 diruta

251 3129 302 3194 ita
330 3131 370 3194 ut
401 3150 536 3214 operam
570 3132 604 3194 et
639 3128 748 3195 oleum
782 3129 1012 3215 perderemus,
1060 3130 1088 3195 si
1129 3130 1234 3217 ipsius
1276 3133 1397 3216 poetae
1428 3130 1534 3196 uerba

253 3227 389 3292 reficere
413 3226 631 3292 studeremus
678 3227 744 3294 Sed
767 3229 796 3292 si
820 3229 953 3293 omnino
978 3227 1213 3315 supplementa
1235 3232 1475 3313 proponuntur,
1499 3226 1534 3293 id
1582 3297 1588 3304 ,

252 3345 357 3389 unum
388 3326 568 3409 spectatur,
603 3328 642 3390 ut
677 3346 718 3390 ea
748 3346 835 3411 quae
866 3328 1016 3390 aetatem
1045 3326 1197 3392 tulerunt
1227 3346 1301 3392 eam
1332 3324 1400 3391 fere
1431 3346 1533 3412 quam

251 3423 422 3488 inuenisse
446 3421 542 3488 nobis
566 3421 718 3488 uidemur
749 3423 953 3488 sententiam
983 3423 1106 3490 habere
1135 3422 1374 3508 comprobetur.
1420 3424 1534 3509 Atque

253 3520 348 3586 initio
373 3517 505 3606 quidem
536 3519 626 3606 loqui
650 3519 899 3586 adulescentem
922 3522 1105 3588 meretricis
1136 3524 1321 3586 amatorem
1352 3522 1409 3608 qui
1434 3543 1465 3587 u.
1490 3519 1532 3585 19

257 3620 366 3684 Φειδία
390 3617 577 3703 adpeHetur
597 3621 686 3684 recte
710 3618 776 3684 Leo
802 3619 951 3704 exponit,
983 3618 1134 3702 singulae
1167 3622 1283 3684 autem
1313 3639 1367 3684 res
1397 3639 1533 3704 prorsus

253 3719 335 3782 sunt
356 3716 517 3799 incertae;
548 3715 655 3782 ueluti
682 3714 771 3802 quod
798 3717 864 3782 Leo
897 3737 914 3781 e
945 3738 1104 3782 uersuum
1130 3716 1214 3781 1-2
1238 3716 1383 3803 reliquiis
1414 3715 1533 3782 adule-

253 3815 376 3881 scentis
400 3818 530 3900 patrem
553 3813 640 3880 male
663 3835 731 3880 rem
756 3814 899 3897 gessisse
927 3816 1093 3901 priuatam
1119 3813 1294 3897 concludit,
1318 3811 1436 3879 eadem
1457 3833 1532 3879 cum

251 3913 321 3977 ueri
345 3912 453 3997 specie
479 3911 681 3978 contrarium
711 3911 800 3999 quod
833 3911 878 3977 sit
901 3911 1033 3978 efficere
1056 3916 1162 3999 potes.
1208 3909 1274 3977 Sed
1304 3912 1368 3977 hoc
1399 3913 1532 3976 constat

250 4013 382 4097 patrem
412 4011 462 4074 ἐπὶ
492 4013 621 4094 πράξεις
650 4012 736 4082 τινάς
764 4011 783 4076 i.
809 4031 835 4074 e.
866 4013 1002 4092 negotia
1034 4009 1232 4096 expediendi
1263 4030 1366 4075 causa
1396 4029 1532 4094 peregre

250 4106 385 4172 uersari.
433 4107 496 4187 Qui
519 4110 614 4192 pater
631 4129 686 4173 cur
711 4107 975 4193 suppellectilem
997 4107 1067 4174 filio
1092 4129 1159 4174 non
1182 4106 1361 4193 reliquerit,
1385 4104 1420 4170 id
1443 4105 1531 4192 quod

250 4205 317 4270 Leo
350 4202 530 4289 contendit,
563 4226 631 4270 non
661 4205 873 4289 intellegitur.
919 4207 966 4271 At
995 4207 1066 4291 ipse
1090 4205 1158 4270 Leo
1182 4226 1212 4290 p.
1229 4204 1294 4270 682
1319 4204 1431 4270 adn2
1456 4223 1532 4269 cum

251 4302 385 4369 Terenti
407 4301 642 4369 Phormionem
669 4302 796 4388 laudat,
830 4324 898 4389 qua
929 4304 987 4368 uia
1016 4301 1290 4389 progrediendum
1321 4302 1367 4367 sit
1396 4301 1531 4367 indicat.

251 4400 324 4481 Qua
355 4402 390 4467 in
421 4399 538 4467 fabula
566 4422 683 4467 seruus
706 4399 905 4466 Phaedriam
937 4400 1050 4466 erilem
1080 4399 1197 4484 filium,
1231 4401 1286 4485 qui
1318 4421 1400 4465 suae
1432 4419 1532 4464 curae

357 4581 375 4650 ¹)
396 4579 433 4635 cf.
446 4578 573 4636 Axionic.
595 4578 628 4634 fr.
641 4578 659 4632 6
671 4579 705 4633 Κ.
725 4579 794 4634 CAF
808 4579 834 4632 11
853 4595 878 4649 p.
891 4577 946 4632 414
964 4595 990 4632 u.
1005 4577 1039 4632 10
1051 4594 1092 4649 sq.
1177 4575 1227 4628 όσα
1244 4576 1273 4629 τ’
1293 4575 1379 4648 εἴρηκέ
1396 4595 1430 4642 με

840 4662 932 4722 κακῶς,
952 4655 1087 4728 ὁμολογῶν
1105 4655 1202 4713 sititae
1219 4655 1249 4708 ob
1267 4653 1428 4726 βλάπτομαι.
