3448 5134
766 413 806 421 --
857 373 921 439 106
973 412 1012 420 -

249 559 305 617 τοῦ
329 554 410 617 ante
437 548 603 641 Φιλ<ί>νοο
630 552 739 638 posito
763 549 931 617 Philinum
953 551 988 616 in
1013 571 1054 617 oa
1076 549 1213 618 fabulae
1237 554 1332 637 parte
1357 571 1444 637 quae
1464 572 1532 618 non

251 650 435 736 comparuit
465 649 676 715 nominatum
710 670 783 714 osse
815 651 940 734 pateat.
992 648 1116 729 Quodsi
1146 647 1235 714 idem
1266 648 1317 714 uir
1348 650 1466 715 doctus
1496 651 1532 718 in

250 750 399 832 ζητητέον
436 745 579 813 offendit
618 750 721 833 atque
755 767 830 812 cum
864 744 1016 813 Philinus
1050 745 1157 812 filiam
1192 745 1359 830 obtulerit,
1395 747 1535 833 nuptias

251 843 463 931 quaerendas
488 866 561 911 esse
584 848 698 929 negat,
721 845 822 910 nimis
837 843 928 910 illam
944 865 1062 910 uocem
1077 845 1212 911 uidetur
1234 845 1405 932 pressisse.
1447 844 1534 912 Nam

250 943 429 1026 Pataecus,
453 943 591 1029 nuptias
615 965 700 1030 quas
728 946 831 1010 antea
859 942 1023 1024 abnuerit,
1055 964 1144 1009 nunc
1175 947 1355 1030 ‘quaerere’
1386 965 1421 1009 ro
1452 965 1537 1010 uera

251 1041 390 1124 cogitur,
413 1041 433 1107 i.
451 1064 477 1107 e.
500 1040 669 1107 Philinum
693 1040 783 1107 adire
807 1041 944 1124 cogitur,
977 1039 1097 1128 quippe
1130 1041 1186 1127 qui
1217 1041 1306 1128 quod
1337 1044 1411 1107 erat
1431 1062 1532 1128 repu-

250 1137 362 1206 diatus
385 1139 436 1204 ira
458 1141 615 1206 incensus
639 1139 767 1206 abierit.
814 1137 879 1204 Sed
902 1138 1029 1204 lubrica
1061 1142 1113 1205 est
1142 1141 1217 1205 tota
1238 1139 1324 1206 haec
1345 1161 1399 1204 ros
1422 1159 1534 1224 neque

249 1236 319 1304 ulla
344 1239 503 1323 exparte
527 1241 669 1323 possunt
692 1238 763 1324 peti
786 1239 985 1320 argumenta
1007 1237 1091 1302 satis
1115 1257 1246 1321 magna.

357 1335 479 1402 Restat
501 1338 541 1401 ut
557 1333 597 1402 de
614 1357 653 1401 eo
668 1336 858 1419 fragmento
875 1336 991 1420 paucis
1008 1335 1210 1401 disseramus
1228 1334 1322 1401 cuius
1338 1335 1532 1401 memoriam

248 1433 429 1500 renouauit
450 1432 580 1516 Nauck,
604 1433 679 1499 Me'l.
705 1432 806 1501 Gr-R.
822 1433 869 1497 VI
885 1433 972 1500 1894
994 1455 1024 1519 p.
1044 1432 1119 1498 113:

358 1539 465 1606 Schol.
489 1541 656 1626 Aristoph.
676 1539 764 1606 Plut.
781 1541 823 1606 35
847 1561 877 1626 p.
898 1539 990 1606 327a
1010 1539 1055 1605 44
1077 1539 1215 1605 Diibner
1244 1542 1280 1605 et
1309 1561 1339 1626 p.
1364 1539 1437 1606 545.
1475 1541 1533 1605 τὸν

251 1639 284 1704 δ’
315 1639 496 1703 οἱόν·Ἀντὶ
522 1646 579 1702 τοῦ
601 1640 673 1723 περὶ
702 1646 758 1703 τοῦ
786 1641 858 1704 οἱοῦ
885 1638 1031 1709 Ἀττικῶς
1048 1657 1054 1671 ·
1072 1639 1126 1702 καὶ
1155 1638 1347 1722 Μένανδρος
1377 1640 1410 1703 ἕν
1433 1638 1533 1722 Περι-

249 1739 431 1820 κειρομένηι
461 1737 513 1800 ιτὸ
548 1737 583 1801 δὲ
616 1738 790 1822 κεφάλαιον
824 1739 918 1801 οὔπω
954 1737 1119 1818 λογίζομαι
1152 1737 1206 1800 τὸν
1242 1737 1420 1821 δεσπότην,’
1457 1738 1531 1801 tum

250 1836 436 1918 sequuntur
460 1832 566 1899 uerba
588 1832 687 1918 plano
710 1834 865 1919 corrupta
887 1835 1039 1917 γράφεται
1062 1835 1312 1918 προστιθέμενος
1335 1833 1393 1898 οὖν
1416 1836 1533 1898 ἑαυτοῦ

248 1931 319 1998 οῑδν
349 1932 588 2016 Ἀριστοφάνης,
633 1952 719 2017 quae
755 1953 820 2017 quo
862 1929 961 1997 modo
996 1932 1065 1996 sint
1096 1930 1307 1997 emendanda
1338 1933 1398 1996 aut
1427 1931 1532 1996 inter-

249 2030 413 2115 pretanda
442 2031 565 2095 nosoio.
613 2028 683 2095 Nec
713 2051 781 2096 non
811 2031 846 2095 in
877 2029 1051 2095 Menandri
1074 2029 1185 2096 uerbis
1216 2033 1310 2094 οὔπω
1342 2031 1533 2114 corruptum

250 2147 324 2192 esso
341 2126 483 2193 adnotat
498 2127 635 2193 Diibner
657 2149 687 2214 p.
704 2129 769 2193 545
794 2130 828 2193 ot
844 2148 932 2216 unus
948 2127 1089 2213 quisque
1106 2125 1207 2211 uidet,
1229 2128 1388 2213 quoniam
1403 2125 1534 2192 numeri

249 2244 318 2290 non
353 2227 433 2290 sunt
468 2224 563 2290 salui.
617 2226 745 2291 Tamen
780 2224 866 2290 duae
901 2225 973 2290 eius
1007 2225 1186 2308 fragmenti
1209 2227 1362 2310 possunt
1396 2224 1535 2307 agnosci

248 2324 373 2407 partes,
399 2342 485 2408 quae
510 2322 590 2408 quin
613 2323 764 2406 integrae
788 2325 936 2388 aetatem
960 2322 1099 2388 tulerint
1121 2343 1190 2388 non
1213 2321 1420 2388 dubitaueris

485 2423 521 2512 rd
550 2423 585 2512 dd
607 2423 780 2532 κέφδλα-ιον
790 2449 812 2530 1)
835 2485 879 2494 -
894 2449 994 2512 —ot

486 2566 684 2664 toylloudrlt
707 2566 763 2646 τὸν
787 2557 942 2666 δεσπδτην

250 2715 392 2782 quarum
407 2695 554 2781 partium
577 2695 740 2783 posterior
762 2695 798 2761 in
821 2719 922 2762 uersu
946 2699 1091 2762 exeunte
1115 2696 1226 2782 posita
1247 2695 1350 2760 tuisse
1367 2693 1532 2760 uideatur.

249 2795 361 2879 Atque
396 2791 555 2878 quidnam
586 2793 675 2860 inter
704 2794 767 2859 has
799 2793 883 2859 duas
917 2796 1030 2880 partes
1053 2793 1195 2879 perierit,
1229 2793 1340 2858 utrum
1368 2791 1464 2878 plura
1487 2813 1533 2858 an

249 2911 355 2956 unum
393 2891 533 2957 uerbum
568 2891 781 2975 interciderit,
821 2891 993 2957 diiudicari
1023 2891 1154 2977 nequit3
1191 2889 1250 2957 sed
1281 2891 1345 2956 hoc
1375 2911 1418 2956 ex
1449 2910 1533 2956 uoco

250 2992 343 3054 οὔπω
379 2990 534 3074 quamuis
569 2989 614 3054 sit
649 2994 802 3076 corrupta
825 2988 1043 3054 manifestum
1067 2991 1121 3055 est
1147 2990 1360 3072 negationem
1384 2987 1532 3073 aliquam

248 3086 284 3150 in
312 3086 494 3172 archetypo
526 3087 682 3172 scriptam
713 3086 826 3152 fuisse.
879 3086 1059 3152 Praeterea
1090 3107 1132 3152 ex
1174 3086 1376 3152 scholiastae
1420 3085 1531 3150 uerbis

248 3185 318 3248 ‘cdv
335 3186 365 3249 δ’
383 3185 475 3249 οῖδν’.
506 3187 587 3249 ’Arri
608 3193 665 3250 τοῦ
689 3186 775 3267 ’περὶ
789 3192 846 3250 τοῦ
863 3187 948 3250 οἱοῦ’
974 3185 1008 3249 in
1024 3183 1199 3250 Menandri
1213 3184 1285 3250 loco
1304 3185 1359 3249 τὸν
1376 3184 1531 3266 δεσπότην

249 3302 307 3367 pro
330 3283 402 3366 περὶ
424 3290 480 3346 τοῦ
505 3284 659 3347 δεσπότου
688 3284 842 3368 usurpari
864 3281 1047 3365 intelleges.
1083 3281 1146 3362 Qui
1168 3281 1261 3347 locus
1278 3283 1325 3346 sic
1340 3281 1410 3347 fere
1425 3281 1531 3346 intor-

249 3377 433 3466 pretandus
450 3381 518 3444 est:
554 3379 602 3444 eid
627 3380 715 3465 quod
732 3381 785 3445 est
799 3380 1035 3463 grauissimum
1058 3419 1102 3426 —
1127 3419 1161 3427 -
1176 3415 1220 3426 —
1243 3399 1312 3444 non
1335 3418 1379 3426 -
1403 3378 1444 3444 de
1475 3399 1531 3444 ero

251 3474 409 3542 delibero?
453 3478 565 3563 Atque
581 3476 666 3543 haec
680 3477 786 3543 uerba
801 3498 875 3543 osso
892 3477 1048 3563 mancipii
1063 3476 1213 3560 alicuius
1231 3475 1320 3562 quod
1336 3475 1376 3542 de
1393 3496 1447 3542 ero
1472 3475 1532 3542 ad-

249 3573 398 3640 iuuando
423 3595 536 3640 secum
562 3577 698 3661 reputet
720 3578 872 3660 apertum
896 3578 956 3641 ost.
1001 3574 1093 3655 Quae
1116 3575 1221 3641 uerba
1245 3576 1319 3660 quis
1339 3573 1534 3660 pronuntiet

250 3693 326 3739 cum
349 3672 550 3759 quaerimus
575 3673 691 3739 statim
714 3674 749 3738 in
772 3676 921 3739 mentem
951 3674 1048 3739 uenit
1080 3672 1211 3739 Doridis
1246 3671 1397 3755 ancillae,
1430 3692 1532 3756 quam

250 3791 383 3836 summa
406 3791 481 3836 oum
505 3769 676 3853 diligentia
698 3769 887 3837 Polemonis
910 3771 1024 3838 militis
1048 3770 1147 3837 robus
1170 3770 1356 3858 prospicere
1380 3791 1398 3835 e
1419 3772 1532 3834 cartae

249 3889 304 3933 uu.
320 3868 343 3933 4
358 3890 427 3955 sqq.
452 3866 626 3933 didicimus
649 3889 689 3933 ao
712 3889 787 3934 cum
811 3867 953 3956 Glycera
984 3889 1171 3936 sermonem
1195 3869 1236 3934 de
1261 3890 1302 3935 ea
1331 3867 1365 3932 in
1390 3867 1532 3950 gratiam

251 3986 326 4031 cum
360 3965 540 4032 Polemone
573 3964 763 4032 reducenda
796 3966 955 4033 habuisse
978 3991 1008 4056 p.
1035 3970 1078 4036 87
1107 3965 1323 4034 ostendimus.
1368 3964 1532 4030 Necnon

250 4084 293 4130 ex
316 4084 357 4130 ca
380 4073 525 4149 scaena,
539 4085 624 4150 quae
640 4064 718 4129 huic
734 4066 877 4130 sermoni
894 4066 1126 4148 antecedebat,
1150 4064 1235 4130 haec
1255 4064 1359 4130 uerba
1374 4061 1532 4128 uidentur

250 4181 323 4227 esse
355 4162 530 4247 exscripta.
580 4163 691 4248 Atque
724 4162 774 4228 ita
803 4164 946 4230 tortasse
976 4186 1031 4228 res
1061 4165 1149 4229 inter
1180 4185 1215 4228 so
1248 4163 1460 4248 exceperunt,
1492 4161 1533 4225 ut

249 4258 345 4325 Doris
368 4259 510 4345 primum
534 4280 681 4344 quanam
704 4281 814 4326 rerum
841 4261 1033 4327 condicione
1050 4259 1193 4348 Glycera
1219 4259 1388 4326 laboraret
1404 4256 1531 4343 capillis

357 4509 377 4657 ll
394 4506 639 4644 δὶίίεὲἕγῐὲῧδῶ
651 4587 685 4642 K.
714 4587 783 4643 cal*
797 4588 836 4642 ΠΙ
864 4605 891 4660 p.
909 4587 961 4644 173
985 4588 1070 4642 καίτοι
1096 4589 1125 4641 τί
1147 4585 1286 4658 λογίζομαι
1310 4587 1325 4640 o‘
1352 4581 1531 4652 κακοδαίμων.

248 4666 283 4724 fr.
297 4667 378 4734 531,9
390 4669 425 4724 Κ.
445 4668 514 4723 cab*
526 4668 563 4722 III
582 4685 609 4739 p.
624 4667 675 4722 155
694 4665 798 4720 οἰστέον
818 4668 926 4736 ἄμεινον
943 4676 1027 4721 ταῦτα
1046 4673 1091 4722 καὶ
1109 4666 1252 4738 λογιστέον.
