3448 5134
785 369 1008 434 ..72-

258 542 418 630 exempla.
475 542 591 630 Neque
627 545 715 610 enim
749 544 815 610 huc
849 545 1035 631 pertinent,
1071 567 1157 633 quae
1191 546 1281 632 apud
1315 546 1536 616 Menandrum

257 642 381 727 scripta
405 639 556 707 uidemus
579 640 617 707 fr.
633 641 700 707 420
715 641 753 708 K.
779 642 859 709 GAF
875 643 918 708 III
941 664 971 728 p.
989 645 1053 708 122

765 742 951 825 σιτόκουρον
975 743 1087 807 ἄθλιον

468 841 626 922 ἄχρηστον
650 841 693 910 εἰς
715 840 770 923 τὴν
794 842 895 903 οἰκίαν
919 841 1092 924 εἰλήφαμεν

257 934 296 1000 ci.
311 934 463 1001 Meineke
486 934 661 1001 Menandri
685 939 719 1001 et
741 935 946 1002 Philemonis
970 935 1037 1003 rell.
1061 959 1091 1024 p.
1108 938 1150 1004 65
1173 937 1259 1004 med.

363 1042 449 1108 Tota
488 1046 602 1108 autem
640 1042 724 1109 haec
762 1043 851 1109 serui
886 1044 992 1110 oratio
1031 1062 1133 1131 quam
1173 1044 1271 1111 modo
1315 1048 1536 1113 tractauimus

255 1160 324 1204 n0n
347 1141 396 1205 ita
418 1139 530 1226 placet
552 1139 769 1224 adulescenti,
802 1139 861 1206 sed
885 1141 986 1206 altius
1010 1143 1041 1207 ei
1063 1141 1196 1208 uidetur
1226 1164 1300 1209 esse
1334 1148 1537 1227 exaggerata

258 1258 320 1304 nec
343 1240 458 1303 tamen
482 1238 566 1304 satis
589 1238 776 1323 perspicua:

469 1337 609 1420 σοβαρὸς
630 1337 690 1420 μὲν
713 1339 732 1401 ὁ
754 1338 863 1420 λόγος·
881 1339 927 1401 ὅτι
951 1339 985 1402 δὲ
1009 1341 1095 1402 τοῦτ’
1120 1341 1199 1402 ἔστιν
1222 1341 1307 1413 ποτέ,

469 1446 529 1508 οὐκ
555 1443 620 1507 οἷδ’
650 1446 759 1526 ἔγωγε.
796 1428 801 1438 ’
866 1444 916 1508 Ac
940 1442 980 1508 de
1004 1429 1169 1509 uocabulo
1193 1447 1334 1529 σοβαρός
1361 1444 1461 1511 uelim
1483 1446 1535 1512 in-

257 1549 378 1635 spicias
408 1547 566 1614 Photium
598 1571 622 1614 s.
646 1571 676 1616 u.
709 1533 848 1635 σοβαρός
871 1572 901 1636 p.
918 1551 992 1634 527,
1003 1551 1046 1614 24
1069 1549 1160 1616 Pors.
1175 1581 1219 1606 =
1235 1552 1264 1616 ΙΙ
1286 1572 1316 1636 p.
1334 1553 1399 1618 168
1425 1551 1537 1618 Nabar

255 1649 409 1731 λαμπρός,
433 1648 651 1731 ἐπαιρόμενος,
676 1650 843 1733 τολμηρός,
868 1650 1026 1732 αὐθάδης,
1052 1652 1115 1723 ἔξω
1137 1657 1194 1714 τοῦ
1216 1651 1342 1722 δέοντος
1358 1653 1536 1735 φερόμενος

255 1783 299 1794 -
314 1783 359 1792 -
381 1751 519 1829 χρῶνται
535 1747 570 1810 δὲ
585 1754 633 1830 τῆι
655 1747 735 1820 λέξει
757 1749 864 1831 ταύτηι
880 1748 1033 1830 συνήθως
1049 1750 1080 1811 οἳ
1093 1743 1272 1836 κ<ωμ>ικοί
1286 1750 1421 1830 (κυνικοί
1434 1745 1535 1830 codd.)

256 1843 296 1908 ci.
309 1843 537 1929 Aristophont.
553 1842 592 1908 fr.
610 1845 661 1926 11,
672 1845 692 1908 5
704 1843 742 1910 K.
760 1843 882 1909 cArss
897 1865 926 1929 p.
940 1846 1015 1928 280,
1032 1844 1094 1910 inc.
1107 1865 1188 1910 com.
1200 1844 1239 1912 fr.
1251 1845 1337 1912 1150
1348 1846 1387 1911 K.
1404 1845 1537 1912 GAFIII

254 1962 284 2026 p.
301 1942 375 2006 597.
417 1940 486 2006 Nec
513 1962 581 2006 non
611 1940 699 2007 idem
730 1942 933 2009 uocabulum
956 1943 1058 2008 etiam
1082 1941 1122 2008 de
1147 1942 1290 2009 dictione
1322 1947 1357 2009 et
1387 1944 1536 2010 oratione

256 2037 375 2103 dicitur
400 2037 487 2104 Plut.
503 2038 582 2105 Mor.
605 2061 635 2125 p.
651 2039 694 2104 41
713 2040 736 2106 (l
760 2043 807 2112 ὡς
830 2042 891 2125 γὰρ
913 2048 977 2106 τῶν
1000 2044 1058 2104 ὑπ’
1084 2043 1192 2113 αὐλοῖς
1207 2042 1362 2106 αἰιόόντων
1378 2045 1412 2106 αἱ
1425 2043 1538 2106 πολλοὶ

255 2137 329 2208 τοὺς
352 2139 528 2208 ἀκούοντας
547 2139 694 2220 ἁμαρτίαι
718 2139 951 2221 διαφεύγουσιν,
976 2141 1061 2204 οὕτω
1085 2141 1209 2223 περιττὴ
1233 2141 1286 2203 καὶ
1310 2141 1434 2224 σοβαρὰ
1457 2142 1538 2214 λέξις

256 2236 437 2318 ἀντιλάμπει
452 2241 508 2298 τῶι
528 2237 680 2319 ἀκροατῆι
702 2236 785 2319 πρὸς
798 2236 834 2300 τὸ
852 2238 1057 2321 δηλούμενον.
1082 2235 1121 2302 cf.
1139 2235 1260 2302 Suidas
1277 2258 1302 2302 s
1319 2258 1350 2302 u.
1375 2239 1536 2322 ῥητορική.

363 2331 520 2419 Sequitur
542 2353 633 2397 nunc
656 2332 811 2398 columna
833 2334 943 2419 tertia,
969 2334 1062 2400 cuius
1086 2355 1162 2420 pars
1187 2332 1270 2400 adeo
1288 2334 1397 2400 deleta
1412 2341 1473 2418 est,
1498 2337 1538 2401 ut

257 2429 297 2495 de
320 2429 526 2495 restituendo
552 2429 772 2516 desperemus.
807 2429 914 2497 Alteri
938 2453 1024 2517 quae
1048 2435 1144 2498 extat
1165 2433 1436 2517 interpretandae
1458 2436 1537 2499 tan-

258 2548 359 2613 quam
390 2527 651 2593 fundamentum
681 2528 758 2594 iecit
788 2527 865 2613 Le0,
898 2549 974 2594 cunr
1004 2551 1034 2614 p.
1059 2529 1124 2596 675
1156 2551 1197 2595 ex
1226 2551 1384 2596 uersuum
1409 2531 1451 2596 89
1467 2552 1537 2617 sqq.

255 2624 402 2710 reliquiis
424 2623 562 2710 planum
585 2626 664 2691 fecit
690 2625 846 2692 lenonem
856 2630 877 2710 ²)
909 2628 1078 2713 quendam
1101 2648 1290 2693 sermonem
1312 2627 1437 2694 habere
1462 2649 1538 2695 cum

258 2722 379 2808 aliquo,
412 2723 468 2808 qui
499 2723 529 2788 ei
560 2726 599 2788 ut
628 2723 837 2789 meretricem
868 2745 889 2788 a
920 2722 1050 2790 duobus
1082 2722 1353 2792 adulescentibus
1389 2730 1538 2792 amatam

256 2819 354 2885 alteri
376 2819 505 2885 uendat
531 2820 628 2886 modo
652 2823 803 2887 suaserit.
850 2824 896 2886 At
918 2823 953 2886 in
976 2822 1070 2887 nulla
1092 2821 1266 2888 Menandri
1288 2823 1406 2890 fabula
1429 2823 1538 2890 adhuc

256 2917 411 2983 lenonem
441 2920 608 3003 repertum
639 2940 713 2984 esse
743 2918 927 2985 Fridericus
958 2921 1053 2985 Marx
1082 2921 1118 2985 in
1149 2919 1270 2986 scholis
1302 2919 1399 2988 docet
1428 2943 1537 3008 neque

256 3037 400 3101 usquam
424 3037 465 3081 ex
489 3016 536 3081 eis
560 3016 733 3082 uocabulis
769 3018 889 3103 quibus
923 3018 1079 3083 lenonem
1105 3022 1231 3084 uocant
1261 3019 1366 3085 ullum
1398 3020 1538 3086 occurrit

256 3114 322 3178 nisi
354 3113 456 3180 semel
486 3117 691 3199 πορνοκόιτος
721 3114 1088 3181 fr.1057K.oAr111
1118 3139 1147 3202 p.
1166 3117 1239 3183 260.
1294 3117 1417 3184 Gontra
1448 3115 1538 3205 apud

257 3211 426 3297 Diphilum
459 3212 551 3278 haud
586 3213 721 3278 infimas
755 3215 868 3299 partes
904 3215 974 3296 agit
1007 3213 1082 3280 leno
1117 3216 1152 3279 in
1187 3236 1228 3280 ea
1261 3215 1378 3281 fabula
1406 3215 1446 3281 de
1471 3236 1537 3302 qua
1580 3285 1583 3290 ,

258 3308 448 3374 Rudentem
463 3309 606 3375 Plautus
627 3311 791 3396 expressit
819 3311 911 3376 etin
935 3333 976 3376 ea
999 3332 1085 3398 quae
1108 3315 1450 3398 Συναποονήιοκοντες
1478 3310 1536 3378 ad-

257 3404 453 3492 pellabatur.
498 3407 568 3473 Nec
590 3429 658 3473 non
680 3408 716 3472 in
738 3409 866 3473 incerta
890 3409 1035 3494 quadam
1057 3409 1145 3476 illius
1176 3410 1294 3476 fabula
1323 3410 1399 3476 leno
1430 3411 1536 3477 intro·

260 3502 445 3569 ducebatur
469 3502 508 3570 de
532 3509 622 3571 sorte
646 3506 738 3590 queri
760 3504 798 3570 fr.
814 3506 858 3573 87
874 3505 912 3571 Κ.
938 3507 1019 3573 GAF
1033 3507 1063 3572 Il
1085 3530 1115 3594 p.
1132 3509 1197 3574 570

471 3606 531 3667 οὐκ
555 3607 636 3668 ἔστιν
661 3599 795 3692 οὗ<θ>ὲν
818 3608 938 3688 τεχνίον
962 3607 1171 3690 ἐξωλέστερον

469 3709 525 3765 τοῦ
548 3705 773 3786 πορνοβοσκοῦ
791 3726 817 3768 e.
837 3723 866 3788 q.
884 3723 908 3768 s.
940 3702 1223 3769 Commemoratur
1247 3703 1350 3769 etiam
1372 3705 1408 3768 in
1423 3703 1538 3771 fabula

259 3798 445 3881 Ζωγράφος
467 3796 505 3863 fr.
521 3798 575 3881 43,
585 3799 628 3863 22
643 3797 683 3865 Κ.
707 3798 834 3864 OAFII
856 3820 886 3884 p.
904 3800 976 3865 554.
1017 3801 1124 3881 Quare
1149 3821 1224 3866 cum
1247 3800 1393 3867 Leonem
1420 3821 1538 3867 uerum

258 3893 382 3960 uidisse
405 3896 519 3978 negari
542 3917 610 3961 non
630 3897 746 3981 possit,
771 3898 883 3962 nescio
908 3919 962 3983 an,
986 3897 1094 3964 ueluti
1117 3898 1297 3985 Sophocles
1321 3901 1436 3966 aetate
1460 3919 1537 3984 pro-

257 3994 377 4057 uectus
401 3993 561 4059 minorem
581 3997 666 4060 natu
682 3993 871 4079 Euripidem
886 3995 977 4062 haud
993 4017 1066 4062 raro
1082 3997 1182 4064 rebus
1198 3997 1405 4080 argumentis
1421 3996 1537 4062 colori-

257 4089 322 4154 bus
355 4089 508 4156 imitatus
544 4095 612 4174 est,
659 4092 709 4156 ita
742 4091 925 4159 Menander
935 4095 956 4176 ²)
1000 4115 1131 4180 quoque
1176 4095 1212 4160 in
1255 4093 1373 4162 Colace
1415 4093 1538 4180 Diphili

257 4186 403 4270 uestigia
417 4191 574 4273 presserit
590 4192 623 4254 et
638 4191 674 4254 in
690 4190 808 4255 eadem
824 4191 994 4256 comoedia
1017 4213 1099 4256 uoce
1114 4195 1321 4277 πορνοκόπος
1343 4191 1383 4258 ir.
1400 4192 1486 4258 1057
1497 4190 1537 4256 K.

258 4284 340 4350 ΘΑΚ
355 4284 399 4350 Ill
422 4306 451 4370 p.
468 4287 533 4352 200
557 4309 638 4352 usus
663 4289 718 4371 sit;
743 4309 829 4374 quae
853 4289 1044 4354 coniectura
1074 4294 1250 4377 propterea
1277 4310 1436 4374 magnam
1458 4309 1538 4375 prae

258 4404 294 4448 se
317 4382 384 4449 fert
408 4384 477 4449 ueri
501 4385 643 4471 speciem
677 4383 766 4471 quod
795 4386 830 4451 in
856 4387 931 4473 ipsa
955 4385 1071 4452 Golace
1104 4408 1179 4453 cum
1211 4387 1250 4453 de
1283 4388 1439 4474 parasitis
1470 4387 1540 4470 egit

366 4579 383 4650 q
403 4579 445 4634 De
462 4579 527 4634 lena
545 4597 603 4635 non
621 4597 704 4652 posse
722 4581 839 4650 cogitari
858 4597 893 4636 ex
911 4597 937 4638 u.
957 4581 993 4636 84
1012 4583 1041 4634 σὺ
1058 4583 1208 4640 πιστευθεὶς
1226 4583 1352 4654 adparet.

365 4659 384 4728 ⁹)
404 4660 451 4731 qui
469 4660 663 4732 Antiphanem
681 4677 794 4733 quoque
813 4661 959 4732 exscripsit
978 4662 1014 4718 cf.
1033 4663 1134 4718 Euseb.
1153 4680 1248 4734 praep.
1268 4680 1312 4720 eu.
1330 4663 1356 4718 X
1373 4661 1450 4729 3,13.
