3442 5130
796 339 1018 404 ..28-

263 538 350 605 quae
372 539 441 583 uox
464 516 687 583 usitatissima
711 519 764 582 est
787 515 877 603 apud
900 516 1042 583 comicos
1064 519 1182 603 poetas
1206 519 1245 584 cf.
1261 518 1345 586 Men.
1369 519 1407 586 fr.
1423 520 1488 587 563
1504 521 1544 588 K.

263 616 345 683 ΘΑΕ
365 615 409 682 Ill
435 637 465 701 p.
489 616 551 680 172
601 614 640 681 fr.
660 616 725 681 875
742 615 780 680 Κ.
810 613 899 682 OAF.
920 615 964 680 llI
987 636 1017 700 p.
1033 615 1107 680 231.
1161 616 1311 702 Denique
1344 640 1419 684 cum
1449 621 1545 685 εἰπεῖν

262 717 322 780 ὅσα
343 721 459 798 φρονῶ
482 712 707 799 comparanda
723 715 803 778 sunt
819 733 905 798 quae
926 713 1016 799 apud
1032 713 1228 799 Sophoclem
1242 713 1400 799 leguntur
1414 715 1462 782 Ill.
1479 717 1545 784 334

584 822 761 904 δηλώσαιμ’
790 823 838 894 ἅν,
863 821 905 884 οἷ’
934 823 1040 892 αὐτοῖς
1063 828 1185 905 φρονῶ.

262 928 331 993 lam
369 928 477 1013 priore
519 949 550 993 u.
578 927 621 993 28
659 929 755 1013 parte
794 925 999 1013 Myrrhinam
1030 925 1205 994 Philinnae
1238 929 1438 1014 respondere
1470 929 1544 996 luco

262 1027 315 1092 est
339 1024 460 1091 clarius
484 1046 526 1091 ex
549 1024 630 1111 ipsis
654 1025 773 1107 uerbis,
804 1045 891 1111 quae
921 1025 957 1090 in
981 1027 1074 1090 carta
1104 1026 1151 1091 sic
1182 1028 1262 1091 sunt
1292 1025 1433 1093 tradita:
1464 1029 1547 1092 ΙΓΕ

265 1124 641 1190 ΦΙΛΙΝΑΧΑΙΡΕΤΩ,
686 1124 736 1189 Ac
758 1122 961 1189 Robinsonis
991 1121 1071 1188 Ellis
1104 1122 1371 1210 supplementum
1404 1123 1542 1215 [ipolrya

262 1221 350 1307 quod
385 1221 539 1287 Britanni
577 1222 612 1286 et
645 1242 714 1286 van
748 1220 917 1286 Leeuwen
956 1219 1266 1306 comprobauerunt,
1301 1221 1422 1288 Kaibel
1455 1223 1544 1290 Weil

262 1320 423 1386 Dziatzko
440 1318 702 1406 repudiauerunt
726 1322 761 1385 et
784 1316 839 1408 [μὴ
857 1316 979 1408 σ]<’>γε
995 1318 1198 1403 scripserunt
1214 1346 1224 1384 ι
1238 1318 1351 1385 littera
1372 1321 1408 1385 in
1427 1348 1446 1386 υ
1471 1341 1542 1386 cor-

262 1420 362 1483 recta
411 1417 513 1483 Cuius
537 1419 743 1483 correcturae
768 1420 1003 1500 argumentum
1019 1436 1222 1501 quamquam
1247 1437 1315 1482 non
1339 1416 1542 1502 adiecerunt,

261 1535 279 1580 e
302 1535 337 1580 re
360 1515 499 1580 metrica
522 1514 680 1580 uidentur
703 1515 839 1580 duxisse
863 1515 901 1581 cf.
925 1534 1011 1599 quae
1032 1514 1086 1579 ‘de
1118 1513 1336 1580 incisionibus
1364 1516 1543 1602 anapaesti

260 1614 296 1678 in
326 1613 476 1678 trimetro
508 1612 631 1679 comico
655 1610 866 1678 Graecorum’
896 1612 982 1678 eruit
1005 1611 1138 1678 Curtius
1162 1611 1355 1692 Bernhardi
1380 1614 1453 1679 Act
1476 1635 1542 1681 soe.

260 1709 371 1795 philol
400 1709 487 1796 Lips
509 1711 556 1775 12
580 1711 688 1793 (1872)
717 1733 746 1798 p.
767 1711 832 1777 285
854 1733 900 1797 sq.
927 1709 1022 1776 Nol
1051 1711 1086 1775 et
1105 1709 1142 1775 II.
1201 1709 1267 1776 Sed
1301 1731 1377 1776 cum
1412 1732 1543 1798 semper

260 1807 360 1873 huius
384 1807 474 1874 modi
496 1806 625 1891 legibus
649 1806 774 1893 aliqud
800 1810 881 1874 insit
912 1807 1132 1874 dubitationis
1164 1811 1267 1894 atque
1298 1809 1474 1893 rarissime,
1506 1810 1541 1874 in

259 1906 373 1991 primis
409 1926 485 1971 cum
520 1906 560 1972 de
594 1905 791 1989 fragmentis
827 1908 945 1991 agitur,
980 1926 1087 1971 unum
1122 1909 1360 1989 argumentum·
1392 1927 1433 1972 ex
1468 1909 1540 1973 arte

260 2004 400 2069 metrica
424 2006 595 2091 sumptum
618 2003 661 2070 ad
685 2025 726 2070 ea
749 2025 835 2090 quae
852 2008 932 2070 sunt
947 2004 1073 2070 tradita
1089 2002 1281 2087 corrigenda
1297 2003 1381 2069 satis
1396 2003 1541 2070 multum

259 2100 384 2185 ualeat,
416 2100 479 2167 hoc
508 2100 580 2167 loco
611 2101 793 2167 Henricum
823 2101 911 2168 Weil
941 2101 1033 2184 alios,
1065 2101 1218 2187 quamuis
1249 2100 1334 2167 lenis
1366 2102 1409 2166 sit
1439 2122 1541 2188 quam

259 2201 504 2285 proposuerunt
527 2202 723 2283 correctura,
757 2199 859 2265 nolim
892 2200 986 2285 sequi
1018 2202 1120 2285 atque
1143 2200 1177 2266 id
1200 2199 1334 2285 quidem
1358 2221 1396 2265 eo
1420 2200 1539 2284 minus,

258 2295 348 2383 quod
370 2297 441 2384 ipse
466 2297 598 2364 Curtius
621 2297 804 2364 Bernhardi
825 2319 856 2383 p.
873 2298 939 2363 250
970 2299 1008 2363 ut
1038 2296 1146 2381 legem
1171 2319 1271 2384 quam
1294 2297 1426 2363 inuenit
1449 2319 1539 2364 com-

259 2395 377 2481 probet
400 2396 435 2461 in
458 2395 632 2462 Menandri
641 2398 663 2479 ²)
687 2396 723 2461 fr.
740 2395 806 2462 710
821 2396 859 2461 Κ.
884 2395 966 2461 chr
980 2395 1024 2461 III
1046 2417 1076 2482 p.
1093 2396 1158 2462 202

580 2514 654 2577 ὅταν
676 2539 703 2576 τι
726 2513 853 2596 μέλληις
875 2512 929 2576 τὸν
951 2514 1049 2584 πέλας
1071 2520 1262 2596 κακηγορεῖν

579 2611 675 2682 αὐτὸς
696 2611 734 2674 τὰ
758 2617 875 2675 σαυτοῦ
898 2617 1026 2694 πρῶτον
1050 2613 1237 2674 ἒπισκέπτου
1261 2611 1346 2673 κακά

257 2745 315 2810 pro
346 2733 477 2807 πρῶτον
507 2746 583 2790 cum
612 2726 766 2808 Augusto
796 2724 948 2791 Meineke
978 2729 1079 2808 πρῶτ’
1111 2725 1252 2790 scribere
1283 2723 1418 2808 cogitur.
1472 2723 1539 2790 Sed

257 2820 400 2887 forsitan
424 2823 605 2905 contingat,
640 2825 679 2889 ut
709 2844 844 2889 uersum
866 2825 956 2889 recte
980 2821 1195 2909 suppleamus
1219 2823 1277 2905 ita,
1301 2825 1340 2887 ut
1362 2842 1470 2907 neque
1494 2822 1537 2888 ab

256 2919 321 2984 hac
344 2919 416 3003 lege
433 2918 642 2986 discedamus
667 2942 772 3001 neque
789 2942 875 3007 quae
892 2922 972 2986 sunt
987 2919 1113 2986 tradita
1134 2942 1174 2986 ea
1189 2922 1369 3002 mutumne,
1391 2921 1419 2985 si
1435 2918 1538 3006 scrip-

257 3019 397 3084 serimus
422 3014 476 3106 [μή
492 3017 533 3107 τ]ί
546 3044 580 3101 γε
604 3018 784 3085 subaudito
807 3018 910 3084 uerbo
927 3022 1027 3103 εἴπηις
1048 3017 1376 3101 ci.K1ibner-Gerth,
1400 3017 1420 3083 l.
1437 3038 1462 3083 s.
1477 3017 1536 3082 ΙΙ2

256 3137 287 3201 p.
303 3117 368 3181 572
391 3117 435 3182 in.
451 3117 520 3182 Nec
536 3137 739 3203 quamquam
753 3120 799 3202 μή
815 3120 845 3180 τί
858 3143 892 3200 γε
909 3116 1104 3202 saepissime
1121 3115 1208 3183 idem
1232 3137 1306 3181 esse
1324 3114 1366 3182 ad
1391 3115 1536 3180 ‘nedum’

257 3234 325 3279 non
341 3214 542 3297 ignoramus,
560 3216 640 3300 quin
655 3214 719 3281 hoc
733 3213 806 3280 loco
818 3215 984 3300 propriam
998 3215 1105 3301 possit
1120 3214 1244 3281 habere
1261 3213 1537 3296 significationem

256 3310 458 3378 dubitamus
505 3311 592 3378 Nam
606 3316 652 3397 μή
668 3339 696 3376 τι
712 3315 843 3399 spectat
858 3311 901 3378 ad
917 3314 977 3377 ὅσα
994 3317 1029 3378 et
1044 3339 1078 3396 γε
1101 3311 1265 3399 particula
1285 3309 1372 3376 solet
1388 3309 1538 3377 adhiberi

256 3408 300 3475 ab
332 3409 379 3474 eis
415 3409 471 3495 qui
494 3413 613 3476 uetent
646 3408 771 3496 aliquid
805 3409 861 3475 uel
883 3410 1026 3476 iubeant
1048 3411 1085 3476 cf.
1109 3410 1274 3491 Hartung,
1306 3407 1427 3474 ‘Lehre
1451 3429 1481 3473 v.
1506 3407 1536 3474 d.

255 3505 427 3573 Partikeln
452 3508 509 3573 der
531 3507 648 3590 griech.
673 3507 859 3593 Sprache'l
882 3530 912 3594 p.
929 3509 992 3574 372
1010 3529 1056 3594 sq.
1081 3511 1116 3573 et
1138 3507 1305 3594 Aristopb.
1321 3505 1397 3572 Pac.
1414 3505 1479 3570 325
1489 3527 1535 3591 sq.

863 3616 950 3679 αὐτὼ
973 3615 1018 3679 τὼ
1043 3616 1138 3698 σκέλη
1162 3617 1331 3698 χορεύετον
1347 3609 1391 3699 :ib

469 3715 515 3796 μή
539 3738 567 3776 τι
589 3713 644 3776 καὶ
665 3715 737 3778 νυνί
758 3715 789 3796 γ’
809 3715 865 3787 ἔτ’,
889 3712 966 3776 ἀλλὰ
991 3719 1072 3776 παῦε
1094 3717 1170 3776 παῦ’
1188 3715 1394 3796 ὀρχούμενος.

255 3815 350 3883 Unus
386 3820 501 3884 tamen
537 3818 618 3883 mihi
653 3820 761 3884 restat
796 3817 985 3904 scrupulus,
1022 3816 1110 3904 quod
1146 3819 1276 3904 aptiora
1306 3839 1374 3884 non
1405 3819 1535 3906 repperi

256 3914 418 4000 exempla,
451 3915 573 4003 quibus
603 3937 638 3982 re
670 3937 751 3982 uera
780 3916 1000 3982 Menandrum
1024 3913 1079 4005 [μή
1096 3913 1137 4006 cli
1150 3943 1184 4000 γε
1204 3913 1375 4006 Φίλιν<ν>α,
1399 3920 1533 4001 χαιρέτω

256 4013 426 4098 scripsisse
450 4016 611 4080 euincam.
647 4014 712 4081 Sed
736 4035 933 4101 quocunque
957 4014 1055 4080 modo
1073 4036 1114 4081 ea
1128 4036 1181 4080 res
1197 4035 1233 4080 se
1249 4014 1362 4096 habet,
1378 4013 1535 4079 Philinna

254 4117 429 4177 matronae
452 4111 623 4180 uoluntati
642 4134 708 4178 non
727 4113 929 4198 obsequitur,
955 4112 1013 4178 sed
1029 4113 1245 4180 uehementer
1261 4111 1347 4197 quod
1365 4112 1535 4198 Myrrhina

255 4207 299 4272 ad
322 4229 397 4274 eam
420 4230 594 4296 progressa
625 4212 669 4276 sit
699 4211 802 4276 animi
832 4209 1063 4276 infirmitatem
1094 4212 1132 4275 ut
1162 4209 1307 4297 puellam
1339 4210 1382 4275 ab
1416 4208 1533 4276 adule-

254 4310 368 4373 scente
393 4307 528 4394 impune
551 4309 679 4375 laesam
703 4329 776 4374 esse
801 4307 900 4390 sinat,
925 4308 1096 4394 uituperat

361 4485 380 4554 ¹)
400 4485 480 4552 Quod
504 4503 542 4540 an
566 4486 682 4540 omnino
707 4487 744 4539 sit
768 4485 914 4540 Menandri
938 4501 989 4540 suo
1014 4485 1074 4539 iure
1098 4485 1128 4539 in
1153 4486 1269 4541 dubium
1293 4485 1410 4540 uocauit
1427 4484 1533 4550 Nauck,

253 4563 395 4634 Melangos
423 4565 669 4621 Graec-Romaim
690 4565 727 4619 Vl
751 4565 820 4620 1894
846 4583 871 4636 p.
896 4566 955 4620 131.
999 4565 1054 4620 Sed
1082 4582 1147 4620 cum
1173 4566 1235 4620 sine
1263 4565 1348 4620 dubio
1376 4581 1469 4620 nouae
1496 4566 1534 4619 sit

253 4645 425 4710 comoediae,
445 4649 623 4716 potestesse
642 4646 778 4716 exemplo.
