3448 5134
702 388 946 455 -105—

183 568 236 636 Ad
260 589 342 656 quos
370 588 489 635 uersus
524 565 791 654 interpretandos
828 565 986 632 Dzietzko
1020 586 1104 631 usus
1139 568 1192 632 est
1226 565 1464 652 epigrammate

183 667 286 734 Anth.
301 667 370 732 Pal.
389 665 521 751 12‚233:

394 774 452 857 τὴν
475 773 584 857 ἀκμὴν
611 772 783 856 Θησαυρὸν
808 775 898 855 ἔχειν,
922 771 1085 854 κωμωιὸέ,
1108 773 1245 854 νομίζεις

396 873 456 936 οὐκ
480 872 575 942 εἰδὼς
597 872 695 954 αὐτὴν
723 872 895 953 Φάσματος
918 871 1078 952 ὀξυτέρην.

395 971 518 1053 ποιήσει
542 970 574 1033 α’
600 971 618 1033 ὁ
641 969 758 1053 χρόνος
780 968 999 1050 Μισούμενον,
1022 965 1085 1030 εἶτα
1108 967 1143 1030 Γ
1137 969 1270 1050 εωργόν,

395 1068 457 1130 καὶ.
472 1067 539 1131 τότε
561 1068 746 1150 μασιεύσεις
768 1066 824 1150 τὴν
848 1065 1127 1149 Περικειρομύνην.

183 1186 287 1269 etque
317 1182 402 1248 haec
429 1181 567 1267 exponit
588 1204 618 1269 p.
638 1181 714 1246 129:
745 1179 925 1246 ‘Olfenbar
953 1177 1089 1246 werden
1120 1179 1192 1245 hier
1221 1179 1370 1245 mehrere
1402 1178 1463 1244 be-

185 1281 318 1346 rirhmte
340 1277 631 1345 Liebhaberrollen
654 1278 741 1345 nach
766 1278 841 1344 dem
864 1277 958 1344 Alter
986 1276 1043 1342 der
1070 1275 1360 1343 darzustellcndcn
1382 1274 1463 1341 Per-

184 1399 290 1444 sonen
324 1377 493 1465 gruppiert
528 1376 597 1442 und
632 1377 708 1443 dem
745 1378 922 1460 κωμωιὸὸς
955 1375 1025 1441 ihre
1057 1374 1277 1458 Wiedergabe
1310 1375 1341 1460 je
1376 1372 1464 1440 nach

184 1476 302 1541 seinen
333 1474 586 1541 zunehmenden
617 1473 743 1541 Jahren
773 1476 808 1540 in
839 1473 999 1541 Aussicht
1030 1474 1173 1563 gestellt.
1218 1473 1270 1539 Da
1299 1493 1371 1538 nun
1403 1471 1463 1537 das

180 1576 346 1656 μαστεύειν
373 1575 429 1656 τὴν
452 1573 723 1658 Περικειρομένην
747 1594 792 1638 an
821 1572 940 1640 lctzter
969 1575 1074 1644 stelle
1105 1573 1204 1656 steht,
1236 1570 1324 1637 noch
1353 1569 1464 1636 hinter

181 1669 257 1736 dem
273 1672 433 1755 Γεωργός,
459 1669 517 1735 dcr
540 1669 653 1754 selbst
677 1670 742 1738 wie
765 1671 827 1738 wir
848 1673 931 1758 jetzt
954 1675 1088 1760 wissen,
1114 1673 1168 1739 ein
1191 1674 1296 1754 γέρων
1318 1689 1401 1750 war,
1426 1687 1463 1733 so

183 1767 277 1834 kann
308 1768 415 1834 damit
443 1767 634 1851 unmoglich
662 1767 714 1834 die
737 1769 832 1836 Rolle
864 1770 922 1836 des
945 1772 1116 1857 Polemon,
1149 1767 1293 1835 scudem
1323 1767 1463 1832 hdchst-

184 1865 461 1933 wahrscheinlich
484 1887 550 1930 nur
572 1866 623 1933 die
648 1867 707 1933 des
723 1867 883 1934 Patailros
907 1873 1054 1952 gemeint
1071 1871 1161 1936 sein?
1198 1866 1264 1932 Sed
1280 1865 1370 1952 quod
1384 1864 1463 1930 inde

181 1962 350 2030 concludit
371 1964 553 2029 Pataeoum
577 1965 687 2051 ipsum
704 1963 864 2052 Glycerae
889 1988 1000 2034 amore
1024 1967 1274 2034 inflammatum
1297 1983 1371 2028 esse
1395 1981 1463 2028 non

183 2061 402 2146 probauerim.
440 2061 527 2127 Nam
543 2062 606 2128 hoc
622 2064 650 2128 si
666 2084 782 2129 uerum
799 2067 899 2148 esset,
923 2065 1035 2132 uerbis
1051 2062 1145 2154 τῶ<ι>
1165 2065 1226 2147 γὰρ
1241 2059 1339 2151 ύῶ<ι>
1356 2081 1382 2126 e.
1395 2081 1424 2145 q.
1438 2081 1462 2125 s.

181 2179 250 2224 non
273 2159 409 2225 easdem
433 2181 517 2246 quas
541 2160 652 2226 uerbis
675 2165 801 2246 ἑτέρους
825 2183 851 2228 e.
868 2185 897 2249 q.
915 2185 939 2229 s.
955 2164 1092 2250 nuptias
1109 2160 1289 2246 significari
1305 2161 1462 2225 statuen-

181 2255 262 2321 dum
285 2264 384 2342 esset,
408 2257 444 2322 id
467 2259 555 2344 quod
579 2262 755 2344 propterea
769 2281 838 2326 non
866 2263 919 2327 est
932 2261 1114 2347 probabile,
1139 2259 1219 2346 quia
1238 2260 1267 2323 si
1282 2280 1313 2324 u.
1329 2257 1461 2323 49-51

182 2375 250 2419 non
275 2355 314 2421 de
339 2354 465 2420 eisdem
487 2355 549 2421 filii
572 2356 698 2441 nuptiis
726 2357 890 2425 diceretur
920 2360 980 2426 sed
1005 2361 1046 2426 de
1069 2359 1173 2446 patris
1196 2356 1323 2442 nuptiis
1355 2357 1390 2420 et
1422 2353 1462 2419 de

184 2451 244 2517 filii
259 2453 395 2538 nuptiis,
412 2455 542 2540 patrem
559 2452 716 2519 etlilium
732 2455 1039 2524 uehementioribus
1054 2457 1165 2524 uerbis
1177 2456 1266 2521 inter
1281 2475 1317 2520 sc
1341 2451 1463 2539 opponi

181 2553 443 2635 expectaremus.
488 2549 668 2617 Praeterea
690 2553 867 2637 Pataecm,
899 2557 928 2620 si
951 2554 1127 2642 Glyceram
1154 2552 1356 2634 adamasset⁷
1388 2551 1462 2636 quis

181 2652 234 2713 est
257 2649 313 2734 qui
334 2650 434 2735 putet
457 2670 533 2715 eum
557 2652 628 2714 tam
652 2649 810 2716 stolidum
834 2673 908 2718 esse
931 2655 971 2718 ut
992 2652 1100 2718 filium
1122 2651 1165 2716 ad
1180 2650 1272 2716 illam
1287 2651 1403 2715 mittat
1418 2687 1462 2696 -

180 2744 215 2810 id
239 2747 328 2832 quod
350 2746 456 2813 firmis
480 2747 688 2833 argumentis
718 2749 790 2834 ipse
816 2749 976 2816 Dziatzko
1008 2751 1165 2836 probauit
1186 2789 1228 2797 —
1254 2749 1351 2834 quasi
1374 2746 1461 2812 ouile

181 2841 259 2929 lupo
284 2843 444 2910 credens?
490 2847 602 2932 Atque
633 2844 666 2911 id
698 2846 787 2932 quod
810 2851 862 2913 est
886 2849 1130 2930 grauissimum,
1162 2846 1257 2912 uerbi
1286 2847 1460 2930 μαστεύειν,

181 2961 203 3005 a
226 2962 291 3028 quo
315 2940 483 3028 proiectus
515 2947 568 3009 est
594 2944 765 3030 Dniatzk0‚
797 2944 988 3031 principalis
1018 2946 1110 3012 notio
1143 2947 1195 3011 est
1226 2944 1460 3030 ‘quaerere,'¹)

179 3039 227 3104 nil
250 3040 406 3127 amplius:
431 3039 470 3106 cf.
487 3039 561 3109 Eur.
577 3040 701 3109 Phoen.
718 3043 761 3108 36

392 3138 447 3203 τὸν
470 3141 635 3204 ἐκτεθέντα
658 3143 756 3206 παῖδα
778 3144 948 3226 μαστεύων
970 3144 1087 3226 μαύεῖν

393 3239 422 3300 εἷ
441 3239 555 3321 μήκετ’
582 3241 627 3321 εἴη
1006 3242 1041 3306 et
1063 3239 1135 3305 Hel.
1152 3239 1218 3305 597

391 3335 538 3400 Μενέλαε
560 3338 729 3418 μαστεύων
753 3363 787 3404 σε
810 3340 952 3423 κιγχάνω
975 3340 1066 3422 μάλις
1091 3359 1117 3403 e.
1134 3358 1162 3423 q.
1180 3358 1204 3402 s,

179 3428 297 3516 Itaque
332 3431 362 3497 4.
403 3433 650 3519 epigrammatis
689 3455 825 3500 uersum
879 3435 926 3502 sic
963 3435 1257 3522 interpretabimur
1301 3433 1459 3520 ‘denique

179 3527 440 3594 Periciromenen
466 3530 611 3616 quaeris'
638 3534 673 3597 et
696 3552 735 3598 eo
759 3534 949 3616 referemus,
975 3533 1062 3620 quod
1085 3533 1253 3599 Pataecus
1283 3531 1392 3596 filium
1422 3533 1461 3596 ut

178 3623 285 3691 liliam
307 3626 527 3711 inuestigarct
550 3627 649 3695 misit.
696 3629 787 3711 Quae
812 3651 888 3696 cum
910 3631 960 3696 ita
980 3632 1057 3713 sint,
1083 3653 1137 3697 uu.
1154 3630 1198 3696 50
1214 3651 1260 3716 sq.
1283 3626 1376 3718 τῶ<ι>
1400 3629 1460 3712 γάρ

178 3720 276 3812 ύῶ<ι>
290 3725 469 3812 λαμβάλνω]
491 3723 495 3815 l
515 3728 572 3811 τὴν
591 3735 646 3792 τοῦ
674 3726 839 3817 Φιλ<ί>νσυ
863 3731 1016 3813 θυγατέρ’
1043 3728 1174 3795 adiecta
1194 3747 1268 3793 esse
1284 3747 1460 3793 censemus

178 3824 218 3885 ut
241 3822 446 3908 explicentur
469 3846 556 3911 quae
580 3827 786 3892 antecedunt
808 3831 934 3910 ἑτέρους
958 3825 1128 3914 ζη[τητεόν]
1144 3824 1147 3915 Ι
1161 3827 1242 3891 ἐστὶν
1257 3827 1381 3908 γάμους
1395 3850 1459 3908 μοι.

178 3919 289 4004 Atque
306 3942 324 3987 e
340 3921 442 3988 uerbo
462 3925 618 4008 λαμβάνω
634 3923 793 3990 Dniatzko
809 3924 829 3990 l.
846 3946 870 3990 ε.
895 3947 924 4011 p.
942 3926 1006 3990 128
1025 3924 1171 3991 fortasse
1187 3925 1276 3989 recte
1291 3921 1465 3988 Philinum

178 4013 323 4084 Pataeco
347 4022 559 4106 proposuisse
590 4025 629 4088 ut
658 4020 761 4087 filiam
792 4021 880 4088 illius
906 4022 978 4088 filio
1009 4023 1043 4088 in
1075 4021 1324 4108 matrimonium
1348 4019 1460 4086 ederet

179 4115 238 4180 sed
261 4116 473 4202 repudiatum
496 4139 569 4184 esse
592 4120 687 4186 initio
712 4120 888 4206 concludit,
920 4121 1117 4206 praesertim
1149 4141 1223 4187 cum
1255 4139 1296 4185 ex
1320 4117 1458 4185 articulo

176 4241 391 4252 ——-—

285 4294 304 4363 ¹l
322 4293 397 4348 Nihil
423 4295 481 4364 egit
498 4295 594 4350 Keuer
612 4297 629 4351 l.
643 4314 665 4352 s.
684 4313 748 4352 cum
774 4296 857 4352 dixit:
882 4297 940 4353 Aul
963 4299 1120 4353 Dzictzkos
1145 4295 1373 4352 abenteuerliche
1391 4295 1459 4348 Ver-

178 4375 298 4442 mutung
315 4389 343 4444 p.
358 4373 409 4429 129
427 4375 501 4446 gelre
518 4375 565 4430 ich
583 4376 664 4431 nicht
676 4377 774 4432 weiter
792 4378 846 4432 ein.
873 4376 1025 4445 μαστεύσας
1041 4379 1090 4444 τὴν
1107 4374 1331 4449 Περικιιρονένην
1348 4392 1374 4432 a
1387 4392 1414 4429 a.
1427 4374 1458 4429 0.

178 4450 255 4507 kann
273 4470 327 4507 nur
345 4455 395 4509 das
409 4453 529 4510 Streben
548 4455 597 4510 des
610 4456 819 4529 Schauspielers
837 4459 866 4512 in
888 4458 953 4512 dem
966 4457 1055 4513 Stdck
1077 4458 1258 4513 eufnutreten
1276 4454 1457 4512 bezeichnen.

179 4529 268 4587 Immo
287 4550 323 4588 ne
340 4550 398 4589 nno
418 4534 531 4607 quidem
549 4537 634 4590 uerbo
654 4536 756 4592 dicitur
774 4538 948 4604 histrionem,
973 4541 1008 4593 ut
1024 4538 1140 4593 fabulae
1158 4537 1231 4592 illius
1249 4538 1318 4606 agat
1337 4534 1459 4606 aliquam

179 4626 328 4682 personam
348 4630 464 4685 operam
482 4615 562 4682 dare;
581 4615 632 4670 sed
650 4619 746 4672 aetate
764 4617 961 4688 progrediente
979 4617 1033 4674 has
1051 4622 1146 4690 partes
1163 4615 1353 4672 nanciscetur:

615 4693 720 4762 ποιήσει
738 4696 766 4749 α’
785 4697 799 4749 ὁ
818 4695 909 4768 χρόνον
927 4714 950 4753 e.
965 4713 990 4768 q.
1004 4714 1025 4754 ε.
