3448 5134
760 987 917 1093 Uita.

305 1268 414 1335 Natus
438 1289 513 1334 sum
536 1266 691 1333 Alfredus
711 1267 926 1332 Kretsehmar
949 1289 978 1331 a.
995 1265 1024 1333 d.
1043 1267 1093 1331 Vl.
1109 1265 1154 1332 ld.
1170 1265 1265 1332 Mart.
1289 1266 1371 1331 anni
1388 1266 1473 1332 1882

201 1367 408 1434 Chemnitiae
441 1367 476 1430 in
506 1365 588 1431 urbe
617 1364 784 1430 Saxoniae
815 1363 956 1430 Ernesto
988 1367 1083 1450 patre
1117 1367 1224 1430 matre
1254 1363 1403 1448 ladwiga
1434 1365 1474 1430 de

201 1467 299 1548 gente
322 1464 492 1530 Drescher.
538 1462 632 1528 Fidei
659 1461 811 1528 addictus
842 1483 917 1527 sum
949 1461 1172 1544 euangelicae.
1217 1463 1266 1528 Ae
1288 1461 1474 1528 litterarum

177 1562 374 1629 elementis
398 1560 546 1627 eruditus
569 1582 627 1647 per
649 1582 770 1626 nouem
800 1581 907 1626 annos
930 1561 1059 1647 patriae
1082 1560 1295 1647 gymnasium
1317 1559 1475 1645 trequen-

200 1662 287 1742 taui,
319 1660 377 1725 ubi
408 1661 558 1744 egregios
588 1660 766 1742 magistros
796 1659 831 1723 in
861 1659 975 1745 primis
1005 1663 1166 1725 rectorem
1194 1657 1320 1724 Arnold
1352 1658 1475 1744 optime

202 1779 275 1824 esse
300 1758 340 1823 de
364 1778 417 1823 me
441 1758 576 1823 meritos
606 1777 779 1842 nunquam
810 1755 993 1822 obliuiscar.
1040 1756 1165 1822 Eodem
1189 1759 1301 1822 autem
1327 1759 1475 1842 tempore

202 1877 266 1941 quo
298 1875 439 1920 examen
471 1876 527 1940 pro
570 1854 766 1920 maturitate
801 1853 1000 1939 superabam
1036 1854 1124 1939 quod
1153 1857 1249 1939 pater
1279 1855 1475 1936 grauissimo

202 1953 315 2019 morbo
340 1953 538 2039 absumptus
562 1955 615 2018 est
631 1951 735 2018 doleo.
775 1951 881 2031 Quem
897 1949 1043 2017 dolorem
1065 1972 1163 2017 nemo
1179 1950 1298 2016 melius
1322 1955 1375 2016 est
1398 1972 1476 2018 con-

203 2050 330 2116 solatus
355 2049 546 2116 Theobaldo
570 2050 711 2131 Fromm,
744 2050 801 2136 qui
831 2070 960 2136 semper
982 2053 1146 2135 tanquam
1175 2050 1211 2114 in
1233 2049 1294 2114 lilii
1320 2048 1392 2115 loco
1423 2071 1476 2115 me

203 2148 329 2214 habuit.
375 2149 461 2213 Tum
492 2147 682 2213 Berolinum
718 2169 770 2213 mc
806 2146 932 2213 contuli
963 2150 997 2213 et
1024 2147 1261 2213 Uniuersitatis
1291 2147 1475 2213 Fridericae

204 2244 389 2312 Guilelmae
418 2246 539 2311 ciuium
572 2265 709 2310 numero
733 2266 792 2331 per
815 2244 880 2311 duo
909 2246 1107 2312 semenstria
1138 2244 1325 2331 adscriptus
1357 2243 1477 2310 studiis

203 2343 408 2430 philosophis
440 2342 615 2430 philologis
646 2343 812 2409 historicis
848 2365 980 2430 operam
1013 2343 1148 2410 nauaui.
1201 2343 1394 2408 Docuerunt
1425 2363 1477 2408 me

204 2442 266 2506 uiri
297 2441 470 2507 clarissimi
500 2441 645 2528 Dilthey,
680 2439 811 2506 Kekule
842 2462 910 2507 von
938 2441 1138 2523 Stradonitz,
1173 2440 1271 2524 Lenn,
1309 2440 1477 2506 Scheffer-

204 2537 437 2625 Boiehorstltl,
456 2538 607 2616 Schmitt,
625 2537 768 2625 Stumpf,
785 2560 853 2605 von
864 2537 1327 2606 Wilamowitz-Mbllcndorff.
1362 2537 1477 2603 Altero

205 2636 380 2702 semenstri
409 2635 533 2702 sodalis
563 2634 614 2701 fui
643 2637 872 2722 proseminarii
906 2637 986 2720 regii
1013 2636 1178 2723 philologi,
1218 2638 1270 2701 cui
1300 2641 1478 2722 praeerant

204 2733 303 2818 Diels,
336 2734 470 2816 Heinze,
506 2733 612 2800 Helm.
665 2733 793 2799 Deinde
827 2755 905 2800 uere
941 2735 1022 2800 anni
1057 2733 1143 2799 1902
1178 2733 1301 2799 almam
1335 2736 1476 2799 matrem

204 2831 410 2918 Lipsiensem
433 2831 522 2918 petii,
551 2836 591 2898 ut
613 2831 732 2898 studiis
756 2832 930 2918 philologis
953 2835 988 2898 et
1010 2831 1174 2898 historicis
1197 2834 1307 2897 tetum
1331 2852 1383 2897 me
1407 2834 1477 2897 tra-

206 2928 324 2994 derem.
382 2929 493 3015 Atque
529 2928 650 2995 scholis
684 2929 821 2995 interfui
855 2951 939 3015 quas
974 2930 1164 2995 habuerunt
1199 2929 1262 2993 uiri
1297 2927 1480 2995 doctissimi

207 3027 408 3109 Bragmann,
440 3026 525 3106 Hirt,
557 3026 737 3106 Hofmann,
761 3027 926 3111 Immisch,
960 3029 1071 3110 Karst,
1095 3027 1304 3113 Lamprecht,
1337 3027 1476 3114 Lipsius,

206 3123 310 3207 Marx,
335 3123 488 3208 Scaliger,
506 3124 649 3207 Volkelt,
671 3125 956 3212 Wachsmuth(†).
994 3126 1032 3190 In
1056 3125 1270 3190 seminarium
1285 3125 1479 3190 historicum

207 3242 260 3286 me
290 3225 487 3307 receperunt
510 3221 758 3306 Brandenburg,
791 3222 945 3306 Scaliger,
969 3222 1202 3305 Wachsmuth,
1236 3226 1393 3288 octauum
1416 3221 1480 3289 hoc

207 3322 390 3384 semenstre
421 3341 473 3385 me
505 3323 638 3386 exercet
660 3319 867 3406 Lamprecht.
913 3320 1147 3386 Proseminarii
1169 3319 1326 3407 philologi
1357 3320 1480 3386 sodahs

207 3416 257 3482 lui
287 3437 345 3503 per
375 3438 480 3482 unum
510 3421 695 3484 semenstre
730 3418 924 3484 moderante
958 3419 1081 3485 Ottone
1112 3418 1276 3500 Immisch,
1313 3419 1480 3484 seminarii

206 3513 363 3600 philologi
385 3518 509 3602 parter
532 3537 592 3581 sex
615 3536 747 3581 menses
771 3517 927 3602 auspiicis
951 3516 1063 3602 Lipsii,
1087 3515 1242 3582 Fridcrici
1262 3516 1365 3599 Marx,
1389 3517 1481 3582 Curti

209 3613 441 3679 Waohsmuth.
487 3613 539 3678 Ad
570 3615 766 3679 societatem
797 3614 1021 3699 antiquarium
1045 3612 1206 3679 Graecam
1238 3612 1366 3678 aditum
1400 3614 1481 3678 mihi

207 3709 367 3797 patefecit
381 3710 522 3797 LipsiuS,
547 3710 589 3776 ad
614 3711 869 3777 exercitationes
890 3733 974 3797 quas
999 3712 1039 3777 de
1062 3710 1332 3796 inscriptionibus
1352 3711 1480 3777 Latinis

208 3810 242 3872 et
266 3808 306 3873 de
329 3812 401 3874 arte
416 3809 554 3874 metrica
576 3808 724 3875 instituit
738 3807 841 3874 Marx.
881 3808 1055 3874 Seminarii
1073 3808 1288 3895 paedagogici
1311 3807 1481 3874 sodalibus

197 3926 261 3970 me
289 3904 466 3992 adscripsit
492 3905 692 3990 Jungmann.
740 3906 866 3986 Quibus
900 3907 1171 3993 praeceptoribus
1202 3905 1344 3988 gratiam
1371 3905 1480 3972 habeo

208 4023 309 4088 quam
342 4003 523 4069 maximam
553 4004 716 4088 omnibus,
752 4006 786 4069 in
816 4007 930 4091 primis
964 4025 1043 4070 uero
1075 4003 1190 4070 (larolo
1217 4003 1418 4089 Lamprecht
1448 4007 1482 4068 et

208 4101 299 4167 lusto
316 4100 507 4167 Hermanno
528 4102 638 4188 Lipsio
662 4105 826 4188 quantum
850 4101 1000 4186 debeam,
1025 4123 1154 4188 semper
1177 4102 1337 4167 memoria
1359 4101 1480 4167 tenebo

208 4219 270 4264 nec
304 4219 371 4264 non
406 4198 606 4265 Friden‘cum
640 4200 748 4274 Marx,
793 4201 849 4286 qui
885 4201 999 4266 studia
1038 4221 1113 4264 mea
1147 4198 1315 4286 philologa
1349 4197 1426 4264 inde
1461 4222 1482 4265 a

209 4296 393 4382 primordiis
417 4316 548 4362 summa
572 4320 646 4364 cum
662 4297 864 4364 liberalitate
888 4302 990 4382 atque
1006 4297 1217 4363 humanitate
1233 4297 1364 4380 fouerit,
1386 4299 1480 4380 grato

207 4395 327 4480 pioque
351 4395 462 4460 animo
487 4395 601 4462 oolam.
