3442 5130
721 363 943 430 ..57-

191 539 281 626 quod
311 543 436 606 uocant
465 561 534 606 nou
563 541 762 608 crediderim.
808 540 960 627 Denique
984 540 1072 626 quod
1095 537 1262 606 lernstedt
1285 560 1303 604 e
1326 538 1470 604 Pollucis

190 638 302 704 uerbis
318 637 380 704 Π6
396 659 425 724 p.
442 639 495 721 81,
512 638 552 704 16
576 639 682 704 Bothe
706 642 857 724 ἔμβρυον,
881 641 1001 723 κύημα,
1025 641 1188 722 ἀνεμισῖον
1208 635 1338 726 [κύημα]
1359 639 1469 722 τρόφι-

189 761 255 820 μον
277 739 433 820 βιώσιμον
455 735 519 802 hoc
543 736 583 802 de
601 757 666 823 quo
683 736 793 820 agitur
808 735 1033 819 fragmentum
1051 757 1126 801 cum
1141 735 1179 801 fr.
1199 734 1262 801 104
1273 734 1312 802 K.
1329 734 1410 800 OAF
1426 734 1470 800 ΠΙ

190 853 221 920 p.
237 834 278 899 31
304 837 467 918 ἀνιμιαῖον
490 837 610 918 ἐγένετο
631 855 704 900 esse
728 832 987 901 consociandum
1003 832 1168 899 concludit
1183 832 1468 919 Menandrumque

650 935 812 1016 ἀνεμιαῖον
837 935 958 1016 ἐγένετο

402 1033 463 1096 κού
486 1032 644 1115 τρόφιμον
827 1031 997 1116 scripsisse
1021 1029 1210 1111 arbitratur,
1235 1027 1350 1094 dubito
1375 1029 1470 1114 sequi

188 1125 277 1193 hanc
312 1130 516 1194 sententiam
550 1148 684 1215 prorsus
714 1129 876 1194 incertam
907 1148 1111 1215 quamquam
1142 1147 1216 1192 eam
1246 1146 1362 1192 ueram
1394 1146 1468 1192 esse

189 1245 287 1312 posse
310 1246 379 1291 non
400 1227 602 1309 negauerim.

802 1438 854 1505 III.

459 1573 534 1656 ‘EA
548 1573 697 1639 YTON
724 1571 1190 1638 ΤΙΜΩΡΟΥΜΕΝΟΣ.

1086 1713 1127 1802 [τί
1148 1712 1230 1802 rto]

400 1813 483 1897 πρὸς
504 1822 561 1898 τῆς
578 1814 727 1898 Ἂδηνᾶς,
752 1809 988 1902 δαιμ<ο>ν<ᾶις>
1012 1813 1151 1896 γεγονὼς
1174 1817 1225 1897 ἔτη

399 1913 549 1990 τοσαῦδ’,·
572 1913 657 1995 ὁμοῦ
680 1913 740 1994 γάρ
764 1913 844 1976 ἔστιν
867 1911 1020 1995 ἑξήκοντά
1044 1935 1093 1976 σοι

401 2006 431 2097 [ἢ
454 2011 508 2074 καὶ
530 2006 636 2098 πλέον]
660 2011 714 2073 καί
735 2015 800 2074 τῶν
818 2009 924 2092 Ἁλῆσι
945 2011 1077 2092 χωρίων

348 2107 377 2171 5.
400 2109 594 2190 κεκτημένος
616 2108 781 2172 κάλλιστον
804 2106 839 2182 εἴ,
863 2107 902 2190 νὴ
925 2107 980 2171 τδν
1003 2107 1072 2182 Δία,

400 2207 434 2269 έν
456 2212 522 2276 τοῖς
543 2201 676 2293 τρισί<ν>
699 2230 733 2288 γε
755 2206 810 2270 καί
832 2206 867 2270 τδ
890 2207 1134 2289 μακαριώτατον

401 2305 552 2367 ἄστικτον.
582 2331 586 2337 ·

292 2399 402 2466 Huius
424 2399 604 2482 fragmenti
626 2401 755 2485 partem
774 2400 1000 2486 posteriorem,
1025 2421 1111 2486 quae
1127 2398 1204 2465 inde
1220 2421 1241 2465 a
1256 2421 1288 2464 u.
1303 2397 1326 2463 4
1341 2398 1465 2485 incipit,

186 2517 230 2564 ax
251 2497 469 2585 Epaphroditi
498 2496 580 2562 libro
604 2498 661 2583 qui
684 2497 874 2564 inscribitur
896 2501 1054 2583 περὶτῶν
1076 2499 1156 2562 κατὰ
1180 2504 1332 2580 στοιχεῖον
1356 2521 1465 2579 συγγε-

186 2599 419 2680 γυμνασμένων
442 2595 498 2660 ‘ab
514 2596 650 2660 auctore
667 2595 877 2681 etymologici
893 2597 1029 2678 genuini
1043 2595 1289 2681 transcriptam’
1315 2594 1467 2660 enotauit

186 2693 425 2776 Reitzenstein,
449 2692 518 2759 lnd.
540 2692 640 2760 schol.
664 2693 896 2780 Rost1890ll
921 2714 951 2779 p.
967 2693 1058 2779 8sq,
1083 2693 1171 2779 prior
1192 2714 1269 2779 pars
1294 2697 1359 2774 (uu.
1375 2693 1465 2778 2sql

186 2793 220 2856 in
237 2790 411 2858 Menandri
426 2791 623 2874 fragmentis
638 2791 759 2875 legitur
780 2792 817 2856 ln
836 2791 899 2857 140
911 2791 950 2858 K.
975 2791 1057 2856 OAF
1073 2791 1117 2856 III
1139 2812 1169 2877 p.
1184 2790 1226 2856 41
1254 2811 1295 2856 ex
1311 2791 1466 2856 Hauton-

185 2890 406 2955 timorumeno
431 2893 595 2975 excerpta.
630 2887 699 2956 Nec
721 2909 790 2954 non
806 2891 983 2976 utramque
998 2892 1129 2975 partem
1145 2889 1311 2954 artissime
1326 2890 1413 2954 inter
1429 2908 1465 2954 se

187 2986 363 3053 cohaerere
394 2986 482 3052 idem
514 2987 656 3071 agnouit
686 2987 876 3072 comparilis
907 2987 998 3054 hisce
1022 2987 1156 3054 Terenti
1187 2986 1340 3053 uersibus
1364 2987 1465 3052 Haut.

184 3083 226 3151 61
242 3105 320 3171 sqq.:

303 3183 401 3249 eNam
424 3203 482 3269 pro
507 3181 605 3248 deum
630 3185 732 3270 atque
756 3184 929 3250 hominum
950 3183 1050 3249 fidem
1074 3181 1153 3269 quid
1175 3183 1228 3248 uis
1251 3182 1335 3248 tibi?

316 3280 400 3361 Quid
424 3281 579 3367 quaeris?
604 3301 711 3346 annos
735 3283 913 3366 sexaginta
935 3285 1040 3347 natus
1063 3302 1109 3363 es,

316 3379 384 3444 Aut
407 3377 482 3465 plus
506 3398 556 3462 eo,
581 3380 620 3443 ut
643 3379 781 3463 conici03
804 3380 840 3444 in
863 3380 916 3446 his
939 3379 1130 3462 regionibus

314 3475 486 3542 Meliorem
510 3496 626 3558 agrum
648 3497 757 3562 neque
780 3477 866 3563 preti
889 3478 1023 3544 maioris
1046 3498 1145 3543 nemo
1168 3476 1291 3542 habet.³

186 3571 314 3653 Quibus
339 3595 356 3639 e
380 3574 533 3639 uersibus
557 3595 589 3639 u.
608 3575 623 3639 1
648 3577 679 3639 τί
699 3577 759 3659 γάρ
784 3578 818 3640 et
841 3575 910 3640 u.4
933 3581 952 3660 ἢ
976 3577 1030 3641 καὶ
1055 3577 1151 3640 πλέον
1174 3577 1263 3640 recte
1285 3573 1465 3641 Ricardum

185 3669 413 3738 Reitzenstein
445 3671 653 3758 suppleuisse
684 3693 871 3754 cognosces,
917 3674 987 3739 Nec
1014 3673 1054 3738 de
1077 3694 1160 3739 uoce
1184 3669 1420 3762 δαιμ<ο>ν<ᾶις>
1443 3694 1465 3738 a

184 3765 326 3835 Ricardo
343 3769 470 3836 Person
494 3790 537 3834 ex
560 3772 686 3854 δαιμων
710 3773 768 3835 δυο
792 3771 950 3837 restituta
974 3771 1138 3856 copiosius
1159 3769 1316 3837 disserere
1333 3773 1465 3856 oportet

184 3865 226 3932 cf.
250 3867 345 3932 Kock
375 3889 404 3933 a.
428 3867 459 3933 h.
483 3867 502 3933 l.
534 3869 609 3935 Eur.
632 3868 757 3934 Phoan.
781 3871 847 3936 888
878 3871 924 3941 ῶς
956 3872 1176 3952 δαιμονῶντας
1206 3871 1464 3952 κάνατρέψοντας

183 3967 276 4030 πόλιν
299 3964 375 4030 Luc.
393 3965 535 4051 Philops
553 3965 595 4031 16
619 3967 684 4049 ἐγὼ
708 3974 785 4049 γοῦν
809 3969 915 4051 ἡδέως
938 3971 977 4032 διν
1000 3970 1132 4052 ἐροίμην
1147 3992 1190 4042 σε,
1213 3971 1243 4031 τί
1254 3969 1327 4050 περὶ
1341 3969 1463 4033 τούτων

183 4065 258 4146 φής,
290 4065 360 4128 ὅσοι
387 4064 461 4134 τοὺς
489 4066 709 4147 δαιμονῶντας
733 4067 960 4131 ἀπαλλάττουσι
982 4071 1047 4130 τῶν
1076 4067 1245 4149 δειμάτων,
1277 4063 1336 4130 sed
1359 4086 1463 4150 quas-

183 4178 265 4224 nam
287 4159 392 4227 Hales
416 4163 496 4227 ante
521 4161 634 4227 oculos
658 4165 759 4248 poeta
781 4166 887 4247 ponat
909 4165 1087 4248 quaeritur.
1125 4163 1213 4228 Nam
1236 4162 1352 4228 uideas
1377 4182 1463 4248 quae

184 4255 377 4345 Stephanus
401 4259 583 4346 Byzantius
607 4257 711 4325 tradit
732 4282 763 4346 p.
780 4259 888 4345 67,10
903 4260 1056 4326 Meineke
1075 4262 1161 4325 Ἇλαί
1179 4262 1388 4345 Ἀραφηνίδες
1409 4261 1464 4324 καί

176 4356 268 4420 ‘Atat
280 4357 455 4432 Αίξωνίδες
471 4359 576 4441 δῆμοι,
593 4360 611 4422 ὁ
626 4360 686 4442 μὲν
702 4367 756 4442 τῆς
771 4359 933 4443 Αἰγηίδος,
950 4362 968 4424 ὁ
985 4362 1017 4424 δ’
1032 4359 1196 4434 Αἰξωνεὺς
1211 4367 1265 4444 τῆς
1280 4361 1463 4442 Κεκροπίας

182 4454 288 4537 φυλῆς
311 4452 430 4520 deinde
450 4454 492 4520 ib.
509 4476 538 4541 p.
556 4453 608 4536 67,
626 4456 665 4522 16
679 4477 748 4542 sqq.
772 4460 834 4522 ἔστι
850 4459 884 4522 δὲ
900 4459 919 4520 δ
936 4459 1040 4541 δῆμος
1053 4465 1108 4541 τῆς
1119 4458 1331 4541 Ἀραφηνίδος
1345 4456 1463 4540 μεταξὺ

187 4549 324 4634 Φηγέως
354 4559 410 4617 τοῦ
433 4552 515 4636 πρὸς
539 4553 726 4636 Μαραθῶνι
748 4555 802 4619 καὶ
825 4555 1036 4637 Βραυρῶνος,
1067 4559 1100 4619 αλ
1122 4557 1154 4620 δ’
1173 4556 1348 4628 Αίξωνίδες
1371 4554 1464 4636 ἔγγὺς

183 4656 240 4712 τοῦ
271 4652 395 4722 ἄστεος.
419 4653 481 4715 ἔστι
510 4652 564 4715 καί
594 4652 686 4735 λίμνη
719 4654 755 4716 ἐκ
778 4653 953 4736 θαλάσσης.
999 4651 1079 4718 Tres
1110 4652 1212 4736 igitur
1242 4653 1322 4716 sunt
1345 4651 1461 4733 Halae,
