<?xml version="1.0" encoding="UTF-8"?>
<!DOCTYPE html PUBLIC "-//W3C//DTD XHTML 1.0 Transitional//EN"
    "http://www.w3.org/TR/xhtml1/DTD/xhtml1-transitional.dtd">
<html xmlns="http://www.w3.org/1999/xhtml" xml:lang="en" lang="en">
 <head>
  <title>
</title>
<meta http-equiv="Content-Type" content="text/html;charset=utf-8" />
  <meta name='ocr-system' content='tesseract 3.04.00' />
  <meta name='ocr-capabilities' content='ocr_page ocr_carea ocr_par ocr_line ocrx_word'/>
</head>
<body>
  <div class='ocr_page' id='page_1' title='image "./demenandrireliq00kretgoog_0042.png"; bbox 0 0 3442 5130; ppageno 0'>
   <div class='ocr_carea' id='block_1_1' title="bbox 706 363 931 430">
    <p class='ocr_par' dir='ltr' id='par_1_1' title="bbox 706 363 931 430">
     <span class='ocr_line' id='line_1_1' title="bbox 706 363 931 430; baseline 0.009 -20"><span class='ocrx_word' id='word_1_1' title='bbox 706 363 931 430; x_wconf 72' lang='lat'>...37-</span> 
     </span>
    </p>
   </div>
   <div class='ocr_carea' id='block_1_2' title="bbox 171 539 1458 1242">
    <p class='ocr_par' dir='ltr' id='par_1_2' title="bbox 171 539 1458 1242">
     <span class='ocr_line' id='line_1_2' title="bbox 173 539 1455 631; baseline 0.005 -27"><span class='ocrx_word' id='word_1_2' title='bbox 173 539 251 606; x_wconf 86' lang='lat' dir='ltr'>Hes.</span> <span class='ocrx_word' id='word_1_3' title='bbox 276 540 398 624; x_wconf 82' lang='lat' dir='ltr'>Theog.</span> <span class='ocrx_word' id='word_1_4' title='bbox 422 540 497 622; x_wconf 80' lang='lat'><strong>366,</strong></span> <span class='ocrx_word' id='word_1_5' title='bbox 529 539 583 606; x_wconf 89' lang='lat' dir='ltr'>hio</span> <span class='ocrx_word' id='word_1_6' title='bbox 614 561 745 626; x_wconf 89' lang='lat' dir='ltr'>quoque</span> <span class='ocrx_word' id='word_1_7' title='bbox 777 541 937 607; x_wconf 89' lang='lat' dir='ltr'>occcurrit</span> <span class='ocrx_word' id='word_1_8' title='bbox 967 541 1134 608; x_wconf 87' lang='lat' dir='ltr'>distinctis</span> <span class='ocrx_word' id='word_1_9' title='bbox 1164 541 1285 609; x_wconf 90' lang='lat' dir='ltr'>litteris</span> <span class='ocrx_word' id='word_1_10' title='bbox 1323 544 1455 631; x_wconf 89' lang='lat' dir='ltr'>scripta,</span> 
     </span>
     <span class='ocr_line' id='line_1_3' title="bbox 175 637 1456 726; baseline 0.001 -21"><span class='ocrx_word' id='word_1_11' title='bbox 175 637 439 705; x_wconf 89' lang='lat' dir='ltr'>concludendum</span> <span class='ocrx_word' id='word_1_12' title='bbox 473 659 547 704; x_wconf 90' lang='lat' dir='ltr'>esse</span> <span class='ocrx_word' id='word_1_13' title='bbox 578 638 661 704; x_wconf 90' lang='lat' dir='ltr'>mihi</span> <span class='ocrx_word' id='word_1_14' title='bbox 691 638 824 724; x_wconf 88' lang='lat' dir='ltr'>quidem</span> <span class='ocrx_word' id='word_1_15' title='bbox 859 637 993 706; x_wconf 89' lang='lat' dir='ltr'>uidetur</span> <span class='ocrx_word' id='word_1_16' title='bbox 1023 641 1164 707; x_wconf 88' lang='lat' dir='ltr'>eandem</span> <span class='ocrx_word' id='word_1_17' title='bbox 1199 661 1317 708; x_wconf 91' lang='lat' dir='ltr'>uocem</span> <span class='ocrx_word' id='word_1_18' title='bbox 1351 643 1456 726; x_wconf 76' lang='lat' dir='ltr'>signi-</span> 
     </span>
     <span class='ocr_line' id='line_1_4' title="bbox 172 735 1458 824; baseline 0.003 -22"><span class='ocrx_word' id='word_1_19' title='bbox 172 737 333 802; x_wconf 80' lang='lat' dir='ltr'>ficatione</span> <span class='ocrx_word' id='word_1_20' title='bbox 362 735 480 802; x_wconf 88' lang='lat' dir='ltr'>eadem</span> <span class='ocrx_word' id='word_1_21' title='bbox 502 736 647 822; x_wconf 76' lang='lat' dir='ltr'><strong>positam</strong></span> <span class='ocrx_word' id='word_1_22' title='bbox 674 757 717 802; x_wconf 90' lang='lat' dir='ltr'>ne</span> <span class='ocrx_word' id='word_1_23' title='bbox 741 737 776 802; x_wconf 92' lang='lat' dir='ltr'>in</span> <span class='ocrx_word' id='word_1_24' title='bbox 799 737 912 802; x_wconf 90' lang='lat' dir='ltr'>Attico</span> <span class='ocrx_word' id='word_1_25' title='bbox 937 735 1070 824; x_wconf 90' lang='lat' dir='ltr'>quidem</span> <span class='ocrx_word' id='word_1_26' title='bbox 1093 758 1246 805; x_wconf 89' lang='lat' dir='ltr'>sermone</span> <span class='ocrx_word' id='word_1_27' title='bbox 1268 739 1458 806; x_wconf 77' lang='lat' dir='ltr'>inauditam</span> 
     </span>
     <span class='ocr_line' id='line_1_5' title="bbox 171 834 1044 921; baseline 0.005 -22"><span class='ocrx_word' id='word_1_28' title='bbox 171 835 285 918; x_wconf 83' lang='lat' dir='ltr'>tuisse,</span> <span class='ocrx_word' id='word_1_29' title='bbox 310 834 505 920; x_wconf 89' lang='lat' dir='ltr'>praesertim</span> <span class='ocrx_word' id='word_1_30' title='bbox 529 855 604 900; x_wconf 90' lang='lat' dir='ltr'>cum</span> <span class='ocrx_word' id='word_1_31' title='bbox 627 835 746 902; x_wconf 89' lang='lat' dir='ltr'>Aesch.</span> <span class='ocrx_word' id='word_1_32' title='bbox 769 834 876 902; x_wconf 88' lang='lat' dir='ltr'>Prom.</span> <span class='ocrx_word' id='word_1_33' title='bbox 900 836 965 902; x_wconf 78' lang='lat'>735</span> <span class='ocrx_word' id='word_1_34' title='bbox 976 856 1044 921; x_wconf 92' lang='lat' dir='ltr'>sqq.</span> 
     </span>
     <span class='ocr_line' id='line_1_6' title="bbox 868 959 1136 1044; baseline 0.015 -21"><span class='ocrx_word' id='word_1_35' title='bbox 868 959 919 1043; x_wconf 84' lang='grc' dir='ltr'>ἆρ’</span> <span class='ocrx_word' id='word_1_36' title='bbox 944 963 1020 1044; x_wconf 81' lang='grc' dir='ltr'><em>ὑμῖν</em></span> <span class='ocrx_word' id='word_1_37' title='bbox 1045 963 1136 1026; x_wconf 80' lang='grc' dir='ltr'><em>δοκεῖ</em></span> 
     </span>
     <span class='ocr_line' id='line_1_7' title="bbox 387 1059 1140 1142; baseline 0.004 -21"><span class='ocrx_word' id='word_1_38' title='bbox 387 1059 406 1121; x_wconf 85' lang='grc' dir='ltr'>ὁ</span> <span class='ocrx_word' id='word_1_39' title='bbox 428 1063 493 1122; x_wconf 84' lang='grc' dir='ltr'>τῶν</span> <span class='ocrx_word' id='word_1_40' title='bbox 517 1059 606 1122; x_wconf 71' lang='grc' dir='ltr'><em>θεῶν</em></span> <span class='ocrx_word' id='word_1_41' title='bbox 629 1059 784 1141; x_wconf 83' lang='grc' dir='ltr'><em>τύραννος</em></span> <span class='ocrx_word' id='word_1_42' title='bbox 807 1060 840 1129; x_wconf 79' lang='grc' dir='ltr'>ἐς</span> <span class='ocrx_word' id='word_1_43' title='bbox 862 1059 900 1122; x_wconf 87' lang='grc' dir='ltr'>τὰ</span> <span class='ocrx_word' id='word_1_44' title='bbox 922 1061 1023 1124; x_wconf 70' lang='grc' dir='ltr'><em>πάνθ’</em></span> <span class='ocrx_word' id='word_1_45' title='bbox 1048 1061 1140 1142; x_wconf 85' lang='grc' dir='ltr'><em>ὁμῶς</em></span> 
     </span>
     <span class='ocr_line' id='line_1_8' title="bbox 386 1153 1457 1242; baseline 0.004 -23"><span class='ocrx_word' id='word_1_46' title='bbox 386 1158 488 1239; x_wconf 79' lang='grc' dir='ltr'><strong><em>βίαιος</em></strong></span> <span class='ocrx_word' id='word_1_47' title='bbox 511 1156 589 1220; x_wconf 78' lang='grc' dir='ltr'><em>εἶναι</em></span> <span class='ocrx_word' id='word_1_48' title='bbox 636 1155 752 1220; x_wconf 90' lang='lat' dir='ltr'>eadem</span> <span class='ocrx_word' id='word_1_49' title='bbox 768 1156 1000 1242; x_wconf 75' lang='lat' dir='ltr'>interpretatio</span> <span class='ocrx_word' id='word_1_50' title='bbox 1017 1153 1224 1224; x_wconf 84' lang='lat' dir='ltr'>admittatur.</span> <span class='ocrx_word' id='word_1_51' title='bbox 1257 1154 1457 1224; x_wconf 80' lang='lat' dir='ltr'>Coniectura</span> 
     </span>
    </p>
   </div>
   <div class='ocr_carea' id='block_1_3' title="bbox 171 1251 1455 1438">
    <p class='ocr_par' dir='ltr' id='par_1_3' title="bbox 171 1251 1455 1438">
     <span class='ocr_line' id='line_1_9' title="bbox 171 1251 1455 1340; baseline 0.003 -22"><span class='ocrx_word' id='word_1_52' title='bbox 171 1252 273 1337; x_wconf 85' lang='lat' dir='ltr'>igitur</span> <span class='ocrx_word' id='word_1_53' title='bbox 296 1252 431 1318; x_wconf 90' lang='lat' dir='ltr'>minime</span> <span class='ocrx_word' id='word_1_54' title='bbox 463 1274 547 1340; x_wconf 91' lang='lat' dir='ltr'>opus</span> <span class='ocrx_word' id='word_1_55' title='bbox 579 1255 639 1320; x_wconf 90' lang='lat' dir='ltr'>est.</span> <span class='ocrx_word' id='word_1_56' title='bbox 686 1251 752 1319; x_wconf 85' lang='lat' dir='ltr'>Sed</span> <span class='ocrx_word' id='word_1_57' title='bbox 782 1253 934 1337; x_wconf 84' lang='lat' dir='ltr'>indigent</span> <span class='ocrx_word' id='word_1_58' title='bbox 965 1257 1152 1320; x_wconf 83' lang='lat' dir='ltr'>correctura</span> <span class='ocrx_word' id='word_1_59' title='bbox 1175 1275 1262 1340; x_wconf 89' lang='lat' dir='ltr'>quae</span> <span class='ocrx_word' id='word_1_60' title='bbox 1286 1277 1316 1321; x_wconf 88' lang='lat' dir='ltr'>u</span> <span class='ocrx_word' id='word_1_61' title='bbox 1332 1255 1377 1322; x_wconf 87' lang='grc'>40</span> <span class='ocrx_word' id='word_1_62' title='bbox 1401 1277 1455 1322; x_wconf 92' lang='lat' dir='ltr'>se·</span> 
     </span>
     <span class='ocr_line' id='line_1_10' title="bbox 171 1350 956 1438; baseline 0.004 -22"><span class='ocrx_word' id='word_1_63' title='bbox 171 1353 322 1438; x_wconf 91' lang='lat' dir='ltr'>quuntur</span> <span class='ocrx_word' id='word_1_64' title='bbox 343 1350 448 1417; x_wconf 89' lang='lat' dir='ltr'>uerba</span> <span class='ocrx_word' id='word_1_65' title='bbox 954 1387 956 1392; x_wconf 96' lang='lat'>·</span> 
     </span>
    </p>
   </div>
   <div class='ocr_carea' id='block_1_4' title="bbox 216 1475 1401 1544">
    <p class='ocr_par' dir='ltr' id='par_1_4' title="bbox 216 1475 1401 1544">
     <span class='ocr_line' id='line_1_11' title="bbox 216 1475 1401 1544; baseline 0.003 -5"><span class='ocrx_word' id='word_1_66' title='bbox 216 1475 760 1541; x_wconf 83' lang='grc' dir='ltr'><em>ΠΑΝΤΑΟΣΑΦΕΡΟΜΕΝΤΑ</em></span> <span class='ocrx_word' id='word_1_67' title='bbox 767 1475 1401 1544; x_wconf 74' lang='grc' dir='ltr'><em>ῩΤΑΠΑΝΤΕΙΣΤΟῩΣΓΑΜΟΥΣ</em></span> 
     </span>
    </p>
   </div>
   <div class='ocr_carea' id='block_1_5' title="bbox 170 1590 1456 1872">
    <p class='ocr_par' dir='ltr' id='par_1_5' title="bbox 170 1590 1456 1872">
     <span class='ocr_line' id='line_1_12' title="bbox 173 1590 1455 1680; baseline 0.002 -23"><span class='ocrx_word' id='word_1_68' title='bbox 173 1612 314 1678; x_wconf 89' lang='lat' dir='ltr'>quorum</span> <span class='ocrx_word' id='word_1_69' title='bbox 345 1611 502 1656; x_wconf 89' lang='lat' dir='ltr'>numeros</span> <span class='ocrx_word' id='word_1_70' title='bbox 538 1590 651 1657; x_wconf 91' lang='lat' dir='ltr'>saluos</span> <span class='ocrx_word' id='word_1_71' title='bbox 685 1613 753 1658; x_wconf 93' lang='lat' dir='ltr'>non</span> <span class='ocrx_word' id='word_1_72' title='bbox 789 1613 863 1658; x_wconf 87' lang='lat' dir='ltr'>esse</span> <span class='ocrx_word' id='word_1_73' title='bbox 898 1614 987 1659; x_wconf 90' lang='lat' dir='ltr'>unus</span> <span class='ocrx_word' id='word_1_74' title='bbox 1003 1673 1005 1676; x_wconf 15' lang='grc' dir='ltr'>Ι</span> <span class='ocrx_word' id='word_1_75' title='bbox 1020 1593 1160 1680; x_wconf 90' lang='lat' dir='ltr'>quisque</span> <span class='ocrx_word' id='word_1_76' title='bbox 1194 1593 1297 1660; x_wconf 90' lang='lat' dir='ltr'>uidet.</span> <span class='ocrx_word' id='word_1_77' title='bbox 1344 1595 1455 1680; x_wconf 84' lang='lat' dir='ltr'>Atque</span> 
     </span>
     <span class='ocr_line' id='line_1_13' title="bbox 172 1689 1456 1778; baseline 0.001 -22"><span class='ocrx_word' id='word_1_78' title='bbox 172 1689 320 1756; x_wconf 90' lang='lat' dir='ltr'>omnium</span> <span class='ocrx_word' id='word_1_79' title='bbox 356 1690 616 1755; x_wconf 82' lang='lat' dir='ltr'>correcturarum</span> <span class='ocrx_word' id='word_1_80' title='bbox 647 1693 729 1775; x_wconf 91' lang='lat' dir='ltr'>quot</span> <span class='ocrx_word' id='word_1_81' title='bbox 762 1691 824 1756; x_wconf 91' lang='lat' dir='ltr'>uiri</span> <span class='ocrx_word' id='word_1_82' title='bbox 855 1689 944 1756; x_wconf 89' lang='lat' dir='ltr'>docti</span> <span class='ocrx_word' id='word_1_83' title='bbox 974 1693 1220 1778; x_wconf 91' lang='lat' dir='ltr'>proposuerunt</span> <span class='ocrx_word' id='word_1_84' title='bbox 1251 1695 1456 1759; x_wconf 87' lang='lat' dir='ltr'>correcturas</span> 
     </span>
     <span class='ocr_line' id='line_1_14' title="bbox 170 1785 1212 1872; baseline 0.003 -20"><span class='ocrx_word' id='word_1_85' title='bbox 170 1785 270 1871; x_wconf 84' lang='lat' dir='ltr'>longe</span> <span class='ocrx_word' id='word_1_86' title='bbox 295 1790 348 1853; x_wconf 89' lang='lat' dir='ltr'>est</span> <span class='ocrx_word' id='word_1_87' title='bbox 370 1787 543 1853; x_wconf 90' lang='lat' dir='ltr'>lenissima</span> <span class='ocrx_word' id='word_1_88' title='bbox 552 1789 573 1870; x_wconf 74' lang='lat'>1)</span> <span class='ocrx_word' id='word_1_89' title='bbox 599 1809 698 1872; x_wconf 90' lang='lat' dir='ltr'>quam</span> <span class='ocrx_word' id='word_1_90' title='bbox 723 1809 792 1853; x_wconf 90' lang='lat' dir='ltr'>van</span> <span class='ocrx_word' id='word_1_91' title='bbox 813 1787 984 1854; x_wconf 87' lang='lat' dir='ltr'>Leeuwen</span> <span class='ocrx_word' id='word_1_92' title='bbox 1008 1789 1212 1872; x_wconf 85' lang='lat' dir='ltr'>excogitauit</span> 
     </span>
    </p>
   </div>
   <div class='ocr_carea' id='block_1_6' title="bbox 385 1909 1380 2002">
    <p class='ocr_par' dir='ltr' id='par_1_6' title="bbox 385 1909 1380 2002">
     <span class='ocr_line' id='line_1_15' title="bbox 385 1909 1380 2002; baseline 0.005 -26"><span class='ocrx_word' id='word_1_93' title='bbox 385 1909 522 2001; x_wconf 69' lang='lat' dir='ltr'>ndu&lt;d&#39;&gt;</span> <span class='ocrx_word' id='word_1_94' title='bbox 545 1910 653 2002; x_wconf 86' lang='grc' dir='ltr'>ὅσ&lt;ι&gt;α</span> <span class='ocrx_word' id='word_1_95' title='bbox 677 1916 820 1997; x_wconf 81' lang='grc' dir='ltr'><em>φέρομεν</em></span> <span class='ocrx_word' id='word_1_96' title='bbox 842 1921 946 1989; x_wconf 86' lang='grc' dir='ltr'><em>ταῦτα,</em></span> <span class='ocrx_word' id='word_1_97' title='bbox 970 1916 1057 1979; x_wconf 69' lang='grc' dir='ltr'><em>πάντ’</em></span> <span class='ocrx_word' id='word_1_98' title='bbox 1083 1917 1127 1985; x_wconf 81' lang='grc' dir='ltr'>εἰς</span> <span class='ocrx_word' id='word_1_99' title='bbox 1149 1914 1223 1986; x_wconf 81' lang='grc' dir='ltr'><strong><em>τοὺς</em></strong></span> <span class='ocrx_word' id='word_1_100' title='bbox 1247 1917 1380 1998; x_wconf 74' lang='grc' dir='ltr'><em>νόμους.</em></span> 
     </span>
    </p>
   </div>
   <div class='ocr_carea' id='block_1_7' title="bbox 170 2037 1459 3104">
    <p class='ocr_par' dir='ltr' id='par_1_7' title="bbox 170 2037 1459 3104">
     <span class='ocr_line' id='line_1_16' title="bbox 170 2037 1456 2124; baseline 0.002 -22"><span class='ocrx_word' id='word_1_101' title='bbox 170 2037 280 2117; x_wconf 76' lang='lat' dir='ltr'>Quam</span> <span class='ocrx_word' id='word_1_102' title='bbox 301 2040 417 2103; x_wconf 91' lang='lat' dir='ltr'>tamen</span> <span class='ocrx_word' id='word_1_103' title='bbox 441 2039 671 2123; x_wconf 79' lang='lat' dir='ltr'>correctorem,</span> <span class='ocrx_word' id='word_1_104' title='bbox 704 2057 779 2102; x_wconf 89' lang='lat' dir='ltr'>curn</span> <span class='ocrx_word' id='word_1_105' title='bbox 803 2037 927 2103; x_wconf 89' lang='lat' dir='ltr'>similes</span> <span class='ocrx_word' id='word_1_106' title='bbox 949 2037 1041 2103; x_wconf 90' lang='lat' dir='ltr'>locos</span> <span class='ocrx_word' id='word_1_107' title='bbox 1068 2059 1177 2124; x_wconf 91' lang='lat' dir='ltr'>neque</span> <span class='ocrx_word' id='word_1_108' title='bbox 1208 2037 1262 2104; x_wconf 91' lang='lat' dir='ltr'>ille</span> <span class='ocrx_word' id='word_1_109' title='bbox 1296 2037 1456 2106; x_wconf 85' lang='lat' dir='ltr'>adtulerit</span> 
     </span>
     <span class='ocr_line' id='line_1_17' title="bbox 172 2135 1454 2222; baseline 0.002 -22"><span class='ocrx_word' id='word_1_110' title='bbox 172 2155 234 2200; x_wconf 90' lang='lat' dir='ltr'>nec</span> <span class='ocrx_word' id='word_1_111' title='bbox 256 2155 318 2200; x_wconf 91' lang='lat' dir='ltr'>nos</span> <span class='ocrx_word' id='word_1_112' title='bbox 341 2135 578 2218; x_wconf 79' lang='lat' dir='ltr'>inuenerimuS,</span> <span class='ocrx_word' id='word_1_113' title='bbox 602 2135 638 2200; x_wconf 92' lang='lat' dir='ltr'>in</span> <span class='ocrx_word' id='word_1_114' title='bbox 661 2137 793 2202; x_wconf 89' lang='lat' dir='ltr'>textum</span> <span class='ocrx_word' id='word_1_115' title='bbox 813 2156 913 2221; x_wconf 90' lang='lat' dir='ltr'>quem</span> <span class='ocrx_word' id='word_1_116' title='bbox 935 2138 1061 2202; x_wconf 90' lang='lat' dir='ltr'>uocant</span> <span class='ocrx_word' id='word_1_117' title='bbox 1083 2137 1226 2222; x_wconf 89' lang='lat' dir='ltr'>recipere</span> <span class='ocrx_word' id='word_1_118' title='bbox 1251 2135 1454 2203; x_wconf 90' lang='lat' dir='ltr'>dubitamus.</span> 
     </span>
     <span class='ocr_line' id='line_1_18' title="bbox 171 2230 1456 2323; baseline 0.002 -26"><span class='ocrx_word' id='word_1_119' title='bbox 171 2232 281 2312; x_wconf 77' lang='lat' dir='ltr'>Quare</span> <span class='ocrx_word' id='word_1_120' title='bbox 315 2231 395 2298; x_wconf 81' lang='lat' dir='ltr'>Ellis</span> <span class='ocrx_word' id='word_1_121' title='bbox 430 2253 506 2298; x_wconf 89' lang='lat' dir='ltr'>cum</span> <span class='ocrx_word' id='word_1_122' title='bbox 535 2230 671 2322; x_wconf 72' lang='lat' dir='ltr'>odv(d’)</span> <span class='ocrx_word' id='word_1_123' title='bbox 703 2237 751 2299; x_wconf 85' lang='grc' dir='ltr'>ὅσ’</span> <span class='ocrx_word' id='word_1_124' title='bbox 784 2231 1031 2323; x_wconf 82' lang='grc' dir='ltr'><em>ἀ&lt;να&gt;φέρομεν,</em></span> <span class='ocrx_word' id='word_1_125' title='bbox 1062 2242 1158 2300; x_wconf 85' lang='grc' dir='ltr'><em>ταῦτα</em></span> <span class='ocrx_word' id='word_1_126' title='bbox 1187 2237 1278 2299; x_wconf 83' lang='grc' dir='ltr'><em>πάντ’</em></span> <span class='ocrx_word' id='word_1_127' title='bbox 1308 2237 1351 2306; x_wconf 88' lang='grc' dir='ltr'>εἰς</span> <span class='ocrx_word' id='word_1_128' title='bbox 1381 2235 1456 2307; x_wconf 84' lang='grc' dir='ltr'><em>τοὺς</em></span> 
     </span>
     <span class='ocr_line' id='line_1_19' title="bbox 171 2330 1456 2418; baseline 0.002 -23"><span class='ocrx_word' id='word_1_129' title='bbox 171 2333 297 2415; x_wconf 80' lang='grc' dir='ltr'><em>γάμους</em></span> <span class='ocrx_word' id='word_1_130' title='bbox 328 2330 459 2417; x_wconf 88' lang='lat' dir='ltr'>scripsit</span> <span class='ocrx_word' id='word_1_131' title='bbox 492 2331 640 2414; x_wconf 84' lang='lat' dir='ltr'>genuina</span> <span class='ocrx_word' id='word_1_132' title='bbox 673 2331 807 2399; x_wconf 91' lang='lat' dir='ltr'>uidetur</span> <span class='ocrx_word' id='word_1_133' title='bbox 841 2331 1018 2399; x_wconf 83' lang='lat' dir='ltr'>refluxisse</span> <span class='ocrx_word' id='word_1_134' title='bbox 1048 2335 1169 2418; x_wconf 89' lang='lat' dir='ltr'>poetae</span> <span class='ocrx_word' id='word_1_135' title='bbox 1199 2332 1314 2398; x_wconf 88' lang='lat' dir='ltr'>uerba.</span> <span class='ocrx_word' id='word_1_136' title='bbox 1367 2331 1456 2398; x_wconf 91' lang='lat' dir='ltr'>Nam</span> 
     </span>
     <span class='ocr_line' id='line_1_20' title="bbox 171 2427 1454 2514; baseline 0 -19"><span class='ocrx_word' id='word_1_137' title='bbox 171 2429 341 2495; x_wconf 91' lang='lat' dir='ltr'>librarium</span> <span class='ocrx_word' id='word_1_138' title='bbox 366 2449 383 2494; x_wconf 92' lang='lat' dir='ltr'>e</span> <span class='ocrx_word' id='word_1_139' title='bbox 408 2427 649 2494; x_wconf 90' lang='lat' dir='ltr'>consuetudine</span> <span class='ocrx_word' id='word_1_140' title='bbox 679 2427 809 2495; x_wconf 92' lang='lat' dir='ltr'>illorum</span> <span class='ocrx_word' id='word_1_141' title='bbox 833 2430 1017 2514; x_wconf 87' lang='lat' dir='ltr'>hominum,</span> <span class='ocrx_word' id='word_1_142' title='bbox 1051 2431 1108 2514; x_wconf 93' lang='lat' dir='ltr'>qui</span> <span class='ocrx_word' id='word_1_143' title='bbox 1139 2430 1347 2496; x_wconf 82' lang='lat' dir='ltr'>sescentiens</span> <span class='ocrx_word' id='word_1_144' title='bbox 1377 2451 1454 2495; x_wconf 90' lang='lat' dir='ltr'>uer-</span> 
     </span>
     <span class='ocr_line' id='line_1_21' title="bbox 174 2525 1453 2614; baseline 0.002 -24"><span class='ocrx_word' id='word_1_145' title='bbox 174 2526 290 2591; x_wconf 92' lang='lat' dir='ltr'>borum</span> <span class='ocrx_word' id='word_1_146' title='bbox 313 2525 571 2612; x_wconf 91' lang='lat' dir='ltr'>compositorum</span> <span class='ocrx_word' id='word_1_147' title='bbox 594 2527 857 2613; x_wconf 88' lang='lat' dir='ltr'>praepositiones</span> <span class='ocrx_word' id='word_1_148' title='bbox 881 2528 1084 2611; x_wconf 89' lang='lat' dir='ltr'>omitterent,</span> <span class='ocrx_word' id='word_1_149' title='bbox 1114 2548 1191 2593; x_wconf 90' lang='lat' dir='ltr'>cum</span> <span class='ocrx_word' id='word_1_150' title='bbox 1214 2528 1250 2593; x_wconf 93' lang='lat' dir='ltr'>in</span> <span class='ocrx_word' id='word_1_151' title='bbox 1274 2527 1453 2614; x_wconf 88' lang='lat' dir='ltr'>archetypo</span> 
     </span>
     <span class='ocr_line' id='line_1_22' title="bbox 170 2625 1455 2709; baseline 0.003 -21"><span class='ocrx_word' id='word_1_152' title='bbox 170 2625 760 2691; x_wconf 84' lang='grc' dir='ltr'><em>ΠΑΝΤΑΟΣΑΑΝΑΦΕΡΟΜΕΝ</em></span> <span class='ocrx_word' id='word_1_153' title='bbox 789 2625 938 2709; x_wconf 88' lang='lat' dir='ltr'>uidisset,</span> <span class='ocrx_word' id='word_1_154' title='bbox 973 2627 1071 2690; x_wconf 85' lang='lat' dir='ltr'>ANA</span> <span class='ocrx_word' id='word_1_155' title='bbox 1107 2625 1259 2692; x_wconf 87' lang='lat' dir='ltr'>omisisse</span> <span class='ocrx_word' id='word_1_156' title='bbox 1294 2625 1367 2692; x_wconf 90' lang='lat' dir='ltr'>ueri</span> <span class='ocrx_word' id='word_1_157' title='bbox 1402 2628 1455 2692; x_wconf 90' lang='lat' dir='ltr'>est</span> 
     </span>
     <span class='ocr_line' id='line_1_23' title="bbox 171 2721 1459 2807; baseline 0 -19"><span class='ocrx_word' id='word_1_158' title='bbox 171 2722 384 2789; x_wconf 90' lang='lat' dir='ltr'>simillimum.</span> <span class='ocrx_word' id='word_1_159' title='bbox 431 2721 502 2802; x_wconf 78' lang='lat' dir='ltr'>Quo</span> <span class='ocrx_word' id='word_1_160' title='bbox 525 2723 651 2788; x_wconf 85' lang='lat' dir='ltr'>tactum</span> <span class='ocrx_word' id='word_1_161' title='bbox 684 2725 737 2788; x_wconf 91' lang='lat' dir='ltr'>est</span> <span class='ocrx_word' id='word_1_162' title='bbox 767 2726 806 2788; x_wconf 92' lang='lat' dir='ltr'>ut</span> <span class='ocrx_word' id='word_1_163' title='bbox 836 2723 988 2789; x_wconf 88' lang='lat' dir='ltr'>nuncin</span> <span class='ocrx_word' id='word_1_164' title='bbox 1016 2726 1110 2790; x_wconf 86' lang='lat' dir='ltr'>carta</span> <span class='ocrx_word' id='word_1_165' title='bbox 1141 2723 1272 2807; x_wconf 88' lang='lat' dir='ltr'>legatur</span> <span class='ocrx_word' id='word_1_166' title='bbox 1299 2725 1459 2790; x_wconf 85' lang='grc' dir='ltr'><em>ΟΣΑΦΕ</em></span> 
     </span>
     <span class='ocr_line' id='line_1_24' title="bbox 170 2819 1455 2909; baseline 0.002 -23"><span class='ocrx_word' id='word_1_167' title='bbox 170 2820 343 2886; x_wconf 88' lang='grc' dir='ltr'><em>ΡΟΜΕΝ.</em></span> <span class='ocrx_word' id='word_1_168' title='bbox 381 2821 450 2886; x_wconf 89' lang='lat' dir='ltr'>Nec</span> <span class='ocrx_word' id='word_1_169' title='bbox 469 2819 556 2886; x_wconf 90' lang='lat' dir='ltr'>male</span> <span class='ocrx_word' id='word_1_170' title='bbox 573 2819 697 2886; x_wconf 89' lang='lat' dir='ltr'>dictum</span> <span class='ocrx_word' id='word_1_171' title='bbox 717 2820 851 2886; x_wconf 89' lang='lat' dir='ltr'>uidetur</span> <span class='ocrx_word' id='word_1_172' title='bbox 866 2825 1044 2905; x_wconf 81' lang='grc' dir='ltr'><em>ἀναφέρειν,</em></span> <span class='ocrx_word' id='word_1_173' title='bbox 1071 2821 1159 2909; x_wconf 90' lang='lat' dir='ltr'>quod</span> <span class='ocrx_word' id='word_1_174' title='bbox 1181 2822 1321 2889; x_wconf 90' lang='lat' dir='ltr'>uerbum</span> <span class='ocrx_word' id='word_1_175' title='bbox 1346 2821 1455 2889; x_wconf 88' lang='lat' dir='ltr'>soleat</span> 
     </span>
     <span class='ocr_line' id='line_1_25' title="bbox 171 2917 1454 3006; baseline 0.004 -23"><span class='ocrx_word' id='word_1_176' title='bbox 171 2918 324 3004; x_wconf 89' lang='lat' dir='ltr'>usurpari</span> <span class='ocrx_word' id='word_1_177' title='bbox 356 2918 396 2983; x_wconf 92' lang='lat' dir='ltr'>de</span> <span class='ocrx_word' id='word_1_178' title='bbox 427 2919 474 2983; x_wconf 90' lang='lat' dir='ltr'>eis</span> <span class='ocrx_word' id='word_1_179' title='bbox 506 2918 563 3004; x_wconf 90' lang='lat' dir='ltr'>qui</span> <span class='ocrx_word' id='word_1_180' title='bbox 593 2921 633 2984; x_wconf 92' lang='lat' dir='ltr'>ut</span> <span class='ocrx_word' id='word_1_181' title='bbox 663 2917 788 3006; x_wconf 90' lang='lat' dir='ltr'>aliquid</span> <span class='ocrx_word' id='word_1_182' title='bbox 819 2918 997 3005; x_wconf 87' lang='lat' dir='ltr'>adportent</span> <span class='ocrx_word' id='word_1_183' title='bbox 1027 2919 1120 2985; x_wconf 90' lang='lat' dir='ltr'>missi</span> <span class='ocrx_word' id='word_1_184' title='bbox 1149 2923 1376 2987; x_wconf 82' lang='lat' dir='ltr'>reuertentur:</span> <span class='ocrx_word' id='word_1_185' title='bbox 1416 2921 1454 2988; x_wconf 87' lang='lat' dir='ltr'>cl.</span> 
     </span>
     <span class='ocr_line' id='line_1_26' title="bbox 172 3015 1453 3104; baseline 0.002 -23"><span class='ocrx_word' id='word_1_186' title='bbox 172 3015 287 3104; x_wconf 88' lang='lat' dir='ltr'>Polyb.</span> <span class='ocrx_word' id='word_1_187' title='bbox 310 3015 342 3080; x_wconf 90' lang='lat' dir='ltr'>X</span> <span class='ocrx_word' id='word_1_188' title='bbox 360 3015 443 3100; x_wconf 81' lang='lat'>16‚4</span> <span class='ocrx_word' id='word_1_189' title='bbox 464 3017 579 3089; x_wconf 79' lang='grc' dir='ltr'><em>πάντες</em></span> <span class='ocrx_word' id='word_1_190' title='bbox 609 3021 641 3082; x_wconf 87' lang='grc' dir='ltr'>οῖ</span> <span class='ocrx_word' id='word_1_191' title='bbox 670 3018 751 3101; x_wconf 83' lang='grc' dir='ltr'><strong><em>πρὸς</em></strong></span> <span class='ocrx_word' id='word_1_192' title='bbox 781 3019 837 3102; x_wconf 86' lang='grc' dir='ltr'>τὴν</span> <span class='ocrx_word' id='word_1_193' title='bbox 867 3018 1015 3101; x_wconf 80' lang='grc' dir='ltr'><em>ἁρπαγὴν</em></span> <span class='ocrx_word' id='word_1_194' title='bbox 1046 3020 1311 3102; x_wconf 68' lang='grc' dir='ltr'><em>ἀπομερισθέντες</em></span> <span class='ocrx_word' id='word_1_195' title='bbox 1335 3021 1453 3101; x_wconf 69' lang='lat' dir='ltr'>dropt-</span> 
     </span>
    </p>
   </div>
   <div class='ocr_carea' id='block_1_8' title="bbox 170 3115 1580 3201">
    <p class='ocr_par' dir='ltr' id='par_1_8' title="bbox 170 3115 1580 3201">
     <span class='ocr_line' id='line_1_27' title="bbox 170 3115 1580 3201; baseline 0.002 -22"><span class='ocrx_word' id='word_1_196' title='bbox 170 3139 263 3198; x_wconf 86' lang='grc' dir='ltr'><strong><em>ρουσι</em></strong></span> <span class='ocrx_word' id='word_1_197' title='bbox 289 3115 345 3186; x_wconf 85' lang='grc' dir='ltr'>τὰς</span> <span class='ocrx_word' id='word_1_198' title='bbox 376 3116 531 3197; x_wconf 78' lang='grc' dir='ltr'><em>ὠφελείας</em></span> <span class='ocrx_word' id='word_1_199' title='bbox 562 3118 686 3180; x_wconf 80' lang='grc' dir='ltr'><em>ἕκαστοι</em></span> <span class='ocrx_word' id='word_1_200' title='bbox 720 3123 784 3188; x_wconf 87' lang='grc' dir='ltr'><strong><em>τοῖς</em></strong></span> <span class='ocrx_word' id='word_1_201' title='bbox 815 3119 937 3180; x_wconf 85' lang='grc' dir='ltr'><em>ἑαυτῶν</em></span> <span class='ocrx_word' id='word_1_202' title='bbox 968 3117 1198 3199; x_wconf 79' lang='grc' dir='ltr'><strong><em>στρατοπέδοις.</em></strong></span> <span class='ocrx_word' id='word_1_203' title='bbox 1252 3115 1404 3201; x_wconf 87' lang='lat' dir='ltr'>Denique</span> <span class='ocrx_word' id='word_1_204' title='bbox 1435 3137 1453 3182; x_wconf 88' lang='lat' dir='ltr'>e</span> <span class='ocrx_word' id='word_1_205' title='bbox 1576 3131 1580 3139; x_wconf 91' lang='grc'><em>“</em></span> 
     </span>
    </p>
   </div>
   <div class='ocr_carea' id='block_1_9' title="bbox 169 3209 1454 4376">
    <p class='ocr_par' dir='ltr' id='par_1_9' title="bbox 169 3209 1454 4376">
     <span class='ocr_line' id='line_1_28' title="bbox 171 3209 1453 3301; baseline 0.003 -25"><span class='ocrx_word' id='word_1_206' title='bbox 171 3210 291 3299; x_wconf 93' lang='lat' dir='ltr'>plurali</span> <span class='ocrx_word' id='word_1_207' title='bbox 321 3232 459 3278; x_wconf 91' lang='lat' dir='ltr'>numero</span> <span class='ocrx_word' id='word_1_208' title='bbox 490 3209 730 3301; x_wconf 81' lang='grc' dir='ltr'><em>&lt;ὰν&gt;αφέρομεν</em></span> <span class='ocrx_word' id='word_1_209' title='bbox 761 3213 895 3279; x_wconf 91' lang='lat' dir='ltr'>Danum</span> <span class='ocrx_word' id='word_1_210' title='bbox 925 3233 993 3279; x_wconf 92' lang='lat' dir='ltr'>non</span> <span class='ocrx_word' id='word_1_211' title='bbox 1024 3211 1132 3279; x_wconf 91' lang='lat' dir='ltr'>solum</span> <span class='ocrx_word' id='word_1_212' title='bbox 1163 3211 1269 3278; x_wconf 91' lang='lat' dir='ltr'>redire</span> <span class='ocrx_word' id='word_1_213' title='bbox 1300 3212 1453 3299; x_wconf 88' lang='lat' dir='ltr'>adparet;</span> 
     </span>
     <span class='ocr_line' id='line_1_29' title="bbox 171 3308 1453 3397; baseline 0.002 -22"><span class='ocrx_word' id='word_1_214' title='bbox 171 3308 232 3375; x_wconf 89' lang='lat' dir='ltr'>sed</span> <span class='ocrx_word' id='word_1_215' title='bbox 265 3311 329 3375; x_wconf 91' lang='lat' dir='ltr'>hoc</span> <span class='ocrx_word' id='word_1_216' title='bbox 365 3310 536 3395; x_wconf 89' lang='lat' dir='ltr'>quaeritur</span> <span class='ocrx_word' id='word_1_217' title='bbox 569 3312 682 3375; x_wconf 89' lang='lat' dir='ltr'>utrum</span> <span class='ocrx_word' id='word_1_218' title='bbox 717 3310 821 3397; x_wconf 84' lang='lat' dir='ltr'>Syrus</span> <span class='ocrx_word' id='word_1_219' title='bbox 852 3311 909 3396; x_wconf 90' lang='lat' dir='ltr'>qui</span> <span class='ocrx_word' id='word_1_220' title='bbox 938 3333 970 3376; x_wconf 92' lang='lat' dir='ltr'>u.</span> <span class='ocrx_word' id='word_1_221' title='bbox 991 3309 1034 3377; x_wconf 88' lang='grc'>39</span> <span class='ocrx_word' id='word_1_222' title='bbox 1066 3310 1256 3394; x_wconf 87' lang='lat' dir='ltr'>adpellatur</span> <span class='ocrx_word' id='word_1_223' title='bbox 1290 3331 1367 3377; x_wconf 88' lang='lat' dir='ltr'>curn</span> <span class='ocrx_word' id='word_1_224' title='bbox 1397 3311 1453 3378; x_wconf 91' lang='lat' dir='ltr'>illo</span> 
     </span>
     <span class='ocr_line' id='line_1_30' title="bbox 171 3407 1454 3494; baseline 0.002 -21"><span class='ocrx_word' id='word_1_225' title='bbox 171 3407 346 3473; x_wconf 87' lang='lat' dir='ltr'>aduenerit</span> <span class='ocrx_word' id='word_1_226' title='bbox 380 3429 424 3473; x_wconf 90' lang='lat' dir='ltr'>an</span> <span class='ocrx_word' id='word_1_227' title='bbox 459 3407 545 3473; x_wconf 89' lang='lat' dir='ltr'>alius</span> <span class='ocrx_word' id='word_1_228' title='bbox 569 3407 705 3494; x_wconf 88' lang='lat' dir='ltr'>quidam</span> <span class='ocrx_word' id='word_1_229' title='bbox 741 3429 858 3474; x_wconf 89' lang='lat' dir='ltr'>seruus</span> <span class='ocrx_word' id='word_1_230' title='bbox 889 3409 945 3474; x_wconf 88' lang='lat' dir='ltr'>uel</span> <span class='ocrx_word' id='word_1_231' title='bbox 975 3407 1040 3474; x_wconf 89' lang='lat' dir='ltr'>alii.</span> <span class='ocrx_word' id='word_1_232' title='bbox 1093 3408 1253 3475; x_wconf 85' lang='lat' dir='ltr'>Dziatzko</span> <span class='ocrx_word' id='word_1_233' title='bbox 1286 3409 1374 3476; x_wconf 90' lang='lat' dir='ltr'>enim</span> <span class='ocrx_word' id='word_1_234' title='bbox 1410 3410 1454 3475; x_wconf 89' lang='lat' dir='ltr'>ad</span> 
     </span>
     <span class='ocr_line' id='line_1_31' title="bbox 170 3504 1454 3592; baseline 0.002 -22"><span class='ocrx_word' id='word_1_235' title='bbox 170 3505 202 3570; x_wconf 95' lang='lat' dir='ltr'>h.</span> <span class='ocrx_word' id='word_1_236' title='bbox 226 3504 245 3570; x_wconf 95' lang='lat' dir='ltr'>l.</span> <span class='ocrx_word' id='word_1_237' title='bbox 278 3505 421 3571; x_wconf 90' lang='lat' dir='ltr'>adnotat</span> <span class='ocrx_word' id='word_1_238' title='bbox 452 3507 567 3572; x_wconf 75' lang='lat' dir='ltr'>haecz&#39;</span> <span class='ocrx_word' id='word_1_239' title='bbox 585 3506 701 3592; x_wconf 82' lang='lat' dir='ltr'>‘Syrus</span> <span class='ocrx_word' id='word_1_240' title='bbox 735 3507 782 3572; x_wconf 89' lang='lat' dir='ltr'>ist</span> <span class='ocrx_word' id='word_1_241' title='bbox 814 3506 1013 3572; x_wconf 89' lang='lat' dir='ltr'>vermutlich</span> <span class='ocrx_word' id='word_1_242' title='bbox 1047 3509 1116 3572; x_wconf 80' lang='lat' dir='ltr'>eret</span> <span class='ocrx_word' id='word_1_243' title='bbox 1145 3505 1269 3590; x_wconf 82' lang='lat' dir='ltr'>infolge</span> <span class='ocrx_word' id='word_1_244' title='bbox 1303 3505 1362 3572; x_wconf 88' lang='lat' dir='ltr'>des</span> <span class='ocrx_word' id='word_1_245' title='bbox 1382 3509 1454 3572; x_wconf 84' lang='lat' dir='ltr'>An·</span> 
     </span>
     <span class='ocr_line' id='line_1_32' title="bbox 171 3601 1453 3690; baseline 0.002 -22"><span class='ocrx_word' id='word_1_246' title='bbox 171 3601 327 3690; x_wconf 82' lang='lat' dir='ltr'>klopiens</span> <span class='ocrx_word' id='word_1_247' title='bbox 359 3625 421 3669; x_wconf 85' lang='lat' dir='ltr'>aus</span> <span class='ocrx_word' id='word_1_248' title='bbox 446 3603 521 3670; x_wconf 91' lang='lat' dir='ltr'>dem</span> <span class='ocrx_word' id='word_1_249' title='bbox 544 3603 659 3670; x_wconf 87' lang='lat' dir='ltr'>Hause</span> <span class='ocrx_word' id='word_1_250' title='bbox 689 3604 747 3669; x_wconf 92' lang='lat' dir='ltr'>des</span> <span class='ocrx_word' id='word_1_251' title='bbox 777 3605 910 3670; x_wconf 91' lang='lat' dir='ltr'>reichen</span> <span class='ocrx_word' id='word_1_252' title='bbox 934 3605 1075 3688; x_wconf 78' lang='lat' dir='ltr'>Burgers</span> <span class='ocrx_word' id='word_1_253' title='bbox 1099 3607 1251 3688; x_wconf 84' lang='lat' dir='ltr'>getreten</span> <span class='ocrx_word' id='word_1_254' title='bbox 1276 3608 1323 3687; x_wconf 86' lang='lat' dir='ltr'>(so</span> <span class='ocrx_word' id='word_1_255' title='bbox 1348 3606 1453 3671; x_wconf 82' lang='lat' dir='ltr'>sehon</span> 
     </span>
     <span class='ocr_line' id='line_1_33' title="bbox 171 3701 1453 3786; baseline 0.002 -20"><span class='ocrx_word' id='word_1_256' title='bbox 171 3722 203 3768; x_wconf 94' lang='lat' dir='ltr'>v.</span> <span class='ocrx_word' id='word_1_257' title='bbox 222 3701 281 3784; x_wconf 63' lang='lat' dir='ltr'>trip</span> <span class='ocrx_word' id='word_1_258' title='bbox 311 3702 415 3768; x_wconf 88' lang='lat' dir='ltr'>daher</span> <span class='ocrx_word' id='word_1_259' title='bbox 442 3701 477 3766; x_wconf 91' lang='lat' dir='ltr'>in</span> <span class='ocrx_word' id='word_1_260' title='bbox 501 3701 540 3767; x_wconf 92' lang='lat' dir='ltr'>V.</span> <span class='ocrx_word' id='word_1_261' title='bbox 555 3701 600 3767; x_wconf 85' lang='lat'>40</span> <span class='ocrx_word' id='word_1_262' title='bbox 624 3702 676 3767; x_wconf 89' lang='lat' dir='ltr'>die</span> <span class='ocrx_word' id='word_1_263' title='bbox 700 3701 890 3786; x_wconf 85' lang='lat' dir='ltr'>Belehrung</span> <span class='ocrx_word' id='word_1_264' title='bbox 911 3709 1007 3766; x_wconf 84' lang='grc' dir='ltr'><strong>ταῦτα</strong></span> <span class='ocrx_word' id='word_1_265' title='bbox 1031 3729 1063 3766; x_wconf 83' lang='grc' dir='ltr'>π.</span> <span class='ocrx_word' id='word_1_266' title='bbox 1080 3729 1103 3770; x_wconf 86' lang='grc' dir='ltr'>ε.</span> <span class='ocrx_word' id='word_1_267' title='bbox 1119 3726 1143 3767; x_wconf 76' lang='grc' dir='ltr'>τι</span> <span class='ocrx_word' id='word_1_268' title='bbox 1161 3725 1201 3786; x_wconf 81' lang='grc' dir='ltr'>γ.;</span> <span class='ocrx_word' id='word_1_269' title='bbox 1226 3723 1261 3768; x_wconf 91' lang='lat' dir='ltr'>er</span> <span class='ocrx_word' id='word_1_270' title='bbox 1285 3702 1365 3785; x_wconf 85' lang='lat' dir='ltr'>geht</span> <span class='ocrx_word' id='word_1_271' title='bbox 1392 3703 1453 3768; x_wconf 90' lang='lat' dir='ltr'>mit</span> 
     </span>
     <span class='ocr_line' id='line_1_34' title="bbox 171 3798 1453 3886; baseline 0.001 -22"><span class='ocrx_word' id='word_1_272' title='bbox 171 3798 237 3864; x_wconf 89' lang='lat' dir='ltr'>den</span> <span class='ocrx_word' id='word_1_273' title='bbox 257 3799 446 3883; x_wconf 84' lang='lat' dir='ltr'>Begleitern</span> <span class='ocrx_word' id='word_1_274' title='bbox 470 3798 528 3865; x_wconf 88' lang='lat' dir='ltr'>des</span> <span class='ocrx_word' id='word_1_275' title='bbox 544 3799 634 3866; x_wconf 89' lang='lat' dir='ltr'>Daos</span> <span class='ocrx_word' id='word_1_276' title='bbox 656 3800 710 3865; x_wconf 90' lang='lat' dir='ltr'>ins</span> <span class='ocrx_word' id='word_1_277' title='bbox 733 3798 847 3865; x_wconf 76' lang='lat' dir='ltr'>Haus.³</span> <span class='ocrx_word' id='word_1_278' title='bbox 894 3802 941 3864; x_wconf 85' lang='lat' dir='ltr'>At</span> <span class='ocrx_word' id='word_1_279' title='bbox 963 3799 1062 3865; x_wconf 86' lang='lat' dir='ltr'>nimis</span> <span class='ocrx_word' id='word_1_280' title='bbox 1086 3801 1208 3886; x_wconf 87' lang='lat' dir='ltr'>pressit</span> <span class='ocrx_word' id='word_1_281' title='bbox 1230 3799 1335 3865; x_wconf 90' lang='lat' dir='ltr'>uerba</span> <span class='ocrx_word' id='word_1_282' title='bbox 1357 3807 1453 3865; x_wconf 83' lang='grc' dir='ltr'><strong><em>ταῦτα</em></strong></span> 
     </span>
     <span class='ocr_line' id='line_1_35' title="bbox 169 3896 1453 3984; baseline 0 -22"><span class='ocrx_word' id='word_1_283' title='bbox 169 3899 260 3962; x_wconf 76' lang='grc' dir='ltr'><em>πάντ’</em></span> <span class='ocrx_word' id='word_1_284' title='bbox 285 3901 328 3970; x_wconf 84' lang='grc' dir='ltr'>εἰς</span> <span class='ocrx_word' id='word_1_285' title='bbox 349 3899 423 3969; x_wconf 84' lang='grc' dir='ltr'><strong><em>τοὺς</em></strong></span> <span class='ocrx_word' id='word_1_286' title='bbox 446 3900 578 3983; x_wconf 80' lang='grc' dir='ltr'><em>γάμους.</em></span> <span class='ocrx_word' id='word_1_287' title='bbox 616 3898 703 3963; x_wconf 90' lang='lat' dir='ltr'>Nam</span> <span class='ocrx_word' id='word_1_288' title='bbox 726 3896 789 3963; x_wconf 93' lang='lat' dir='ltr'>hoc</span> <span class='ocrx_word' id='word_1_289' title='bbox 812 3897 1029 3963; x_wconf 85' lang='lat' dir='ltr'>manifestum</span> <span class='ocrx_word' id='word_1_290' title='bbox 1054 3903 1106 3963; x_wconf 88' lang='lat' dir='ltr'>est</span> <span class='ocrx_word' id='word_1_291' title='bbox 1126 3897 1247 3984; x_wconf 88' lang='lat' dir='ltr'>Syrum</span> <span class='ocrx_word' id='word_1_292' title='bbox 1262 3897 1350 3962; x_wconf 89' lang='lat' dir='ltr'>Daui</span> <span class='ocrx_word' id='word_1_293' title='bbox 1374 3917 1453 3963; x_wconf 90' lang='lat' dir='ltr'>con-</span> 
     </span>
     <span class='ocr_line' id='line_1_36' title="bbox 174 3994 1452 4080; baseline 0 -20"><span class='ocrx_word' id='word_1_294' title='bbox 174 4016 308 4060; x_wconf 88' lang='lat' dir='ltr'>seruum</span> <span class='ocrx_word' id='word_1_295' title='bbox 324 3995 456 4061; x_wconf 91' lang='lat' dir='ltr'>—siue</span> <span class='ocrx_word' id='word_1_296' title='bbox 481 3994 570 4061; x_wconf 93' lang='lat' dir='ltr'>domi</span> <span class='ocrx_word' id='word_1_297' title='bbox 592 3997 748 4062; x_wconf 91' lang='lat' dir='ltr'>uersatus</span> <span class='ocrx_word' id='word_1_298' title='bbox 773 3999 846 4061; x_wconf 92' lang='lat' dir='ltr'>erat</span> <span class='ocrx_word' id='word_1_299' title='bbox 869 3996 941 4060; x_wconf 90' lang='lat' dir='ltr'>siue</span> <span class='ocrx_word' id='word_1_300' title='bbox 966 4017 1041 4061; x_wconf 89' lang='lat' dir='ltr'>cum</span> <span class='ocrx_word' id='word_1_301' title='bbox 1064 3995 1119 4060; x_wconf 91' lang='lat' dir='ltr'>illo</span> <span class='ocrx_word' id='word_1_302' title='bbox 1142 4017 1199 4062; x_wconf 89' lang='lat' dir='ltr'>rus</span> <span class='ocrx_word' id='word_1_303' title='bbox 1224 3995 1392 4080; x_wconf 84' lang='lat' dir='ltr'>proiectus</span> <span class='ocrx_word' id='word_1_304' title='bbox 1408 4033 1452 4042; x_wconf 94' lang='lat'>-</span> 
     </span>
     <span class='ocr_line' id='line_1_37' title="bbox 172 4091 1453 4179; baseline 0.002 -22"><span class='ocrx_word' id='word_1_305' title='bbox 172 4093 308 4159; x_wconf 90' lang='lat' dir='ltr'>minime</span> <span class='ocrx_word' id='word_1_306' title='bbox 339 4095 490 4176; x_wconf 82' lang='lat' dir='ltr'>ignorare</span> <span class='ocrx_word' id='word_1_307' title='bbox 515 4114 614 4179; x_wconf 92' lang='lat' dir='ltr'>quem</span> <span class='ocrx_word' id='word_1_308' title='bbox 637 4092 681 4159; x_wconf 92' lang='lat' dir='ltr'>ad</span> <span class='ocrx_word' id='word_1_309' title='bbox 703 4093 808 4159; x_wconf 84' lang='lat' dir='ltr'>finem</span> <span class='ocrx_word' id='word_1_310' title='bbox 830 4093 928 4159; x_wconf 90' lang='lat' dir='ltr'>flores</span> <span class='ocrx_word' id='word_1_311' title='bbox 953 4091 1159 4178; x_wconf 80' lang='lat' dir='ltr'>adferantur,</span> <span class='ocrx_word' id='word_1_312' title='bbox 1185 4094 1244 4159; x_wconf 90' lang='lat' dir='ltr'>sed</span> <span class='ocrx_word' id='word_1_313' title='bbox 1268 4093 1373 4160; x_wconf 92' lang='lat' dir='ltr'>uerba</span> <span class='ocrx_word' id='word_1_314' title='bbox 1395 4092 1453 4159; x_wconf 92' lang='lat' dir='ltr'>illa</span> 
     </span>
     <span class='ocr_line' id='line_1_38' title="bbox 173 4189 1451 4278; baseline 0 -22"><span class='ocrx_word' id='word_1_315' title='bbox 173 4191 306 4256; x_wconf 87' lang='lat' dir='ltr'>omnino</span> <span class='ocrx_word' id='word_1_316' title='bbox 331 4191 437 4273; x_wconf 82' lang='lat' dir='ltr'>magis</span> <span class='ocrx_word' id='word_1_317' title='bbox 462 4189 505 4255; x_wconf 90' lang='lat' dir='ltr'>ad</span> <span class='ocrx_word' id='word_1_318' title='bbox 528 4194 734 4278; x_wconf 86' lang='lat' dir='ltr'>spectatores</span> <span class='ocrx_word' id='word_1_319' title='bbox 750 4189 917 4258; x_wconf 88' lang='lat' dir='ltr'>docendos</span> <span class='ocrx_word' id='word_1_320' title='bbox 934 4211 1036 4276; x_wconf 90' lang='lat' dir='ltr'>quam</span> <span class='ocrx_word' id='word_1_321' title='bbox 1059 4189 1103 4256; x_wconf 90' lang='lat' dir='ltr'>ad</span> <span class='ocrx_word' id='word_1_322' title='bbox 1126 4211 1261 4256; x_wconf 91' lang='lat' dir='ltr'>seruum</span> <span class='ocrx_word' id='word_1_323' title='bbox 1283 4192 1451 4256; x_wconf 90' lang='lat' dir='ltr'>instruen-</span> 
     </span>
     <span class='ocr_line' id='line_1_39' title="bbox 172 4287 1452 4376; baseline 0.002 -24"><span class='ocrx_word' id='word_1_324' title='bbox 172 4287 252 4353; x_wconf 92' lang='lat' dir='ltr'>dum</span> <span class='ocrx_word' id='word_1_325' title='bbox 275 4310 350 4354; x_wconf 91' lang='lat' dir='ltr'>esse</span> <span class='ocrx_word' id='word_1_326' title='bbox 374 4287 471 4355; x_wconf 88' lang='lat' dir='ltr'>dicta.</span> <span class='ocrx_word' id='word_1_327' title='bbox 517 4289 553 4354; x_wconf 96' lang='lat' dir='ltr'>ld</span> <span class='ocrx_word' id='word_1_328' title='bbox 576 4290 676 4374; x_wconf 84' lang='lat' dir='ltr'>igitur</span> <span class='ocrx_word' id='word_1_329' title='bbox 700 4289 788 4376; x_wconf 92' lang='lat' dir='ltr'>quod</span> <span class='ocrx_word' id='word_1_330' title='bbox 811 4309 869 4374; x_wconf 93' lang='lat' dir='ltr'>per</span> <span class='ocrx_word' id='word_1_331' title='bbox 893 4309 929 4354; x_wconf 91' lang='lat' dir='ltr'>se</span> <span class='ocrx_word' id='word_1_332' title='bbox 953 4288 1025 4354; x_wconf 90' lang='lat' dir='ltr'>ueri</span> <span class='ocrx_word' id='word_1_333' title='bbox 1049 4289 1093 4354; x_wconf 89' lang='lat' dir='ltr'>sit</span> <span class='ocrx_word' id='word_1_334' title='bbox 1116 4288 1320 4354; x_wconf 88' lang='lat' dir='ltr'>simillimum</span> <span class='ocrx_word' id='word_1_335' title='bbox 1342 4309 1452 4376; x_wconf 88' lang='lat' dir='ltr'>neque</span> 
     </span>
    </p>
   </div>
   <div class='ocr_carea' id='block_1_10' title="bbox 170 4553 1452 4706">
    <p class='ocr_par' dir='ltr' id='par_1_10' title="bbox 170 4553 1452 4706">
     <span class='ocr_line' id='line_1_40' title="bbox 278 4553 1452 4628; baseline 0.003 -21"><span class='ocrx_word' id='word_1_336' title='bbox 278 4558 296 4626; x_wconf 79' lang='lat'>¹)</span> <span class='ocrx_word' id='word_1_337' title='bbox 317 4553 456 4628; x_wconf 72' lang='grc' dir='ltr'>&lt;ἁ&gt;παντα</span> <span class='ocrx_word' id='word_1_338' title='bbox 474 4553 524 4608; x_wconf 77' lang='grc' dir='ltr'>ὅσα</span> <span class='ocrx_word' id='word_1_339' title='bbox 543 4557 657 4626; x_wconf 75' lang='grc' dir='ltr'><em>φέρομεν</em></span> <span class='ocrx_word' id='word_1_340' title='bbox 676 4573 699 4612; x_wconf 87' lang='lat' dir='ltr'>s.</span> <span class='ocrx_word' id='word_1_341' title='bbox 713 4573 738 4627; x_wconf 91' lang='lat' dir='ltr'>q.</span> <span class='ocrx_word' id='word_1_342' title='bbox 753 4572 775 4612; x_wconf 89' lang='lat' dir='ltr'>s.</span> <span class='ocrx_word' id='word_1_343' title='bbox 795 4554 878 4610; x_wconf 90' lang='lat' dir='ltr'>scribi</span> <span class='ocrx_word' id='word_1_344' title='bbox 901 4554 1008 4626; x_wconf 84' lang='lat' dir='ltr'>nequit,</span> <span class='ocrx_word' id='word_1_345' title='bbox 1035 4553 1168 4626; x_wconf 89' lang='lat' dir='ltr'>quoniam</span> <span class='ocrx_word' id='word_1_346' title='bbox 1186 4553 1452 4625; x_wconf 84' lang='lat' dir='ltr'>proceleusmaticus</span> 
     </span>
     <span class='ocr_line' id='line_1_41' title="bbox 170 4634 1336 4706; baseline -0.001 -16"><span class='ocrx_word' id='word_1_347' title='bbox 170 4634 220 4706; x_wconf 90' lang='lat' dir='ltr'>qui</span> <span class='ocrx_word' id='word_1_348' title='bbox 238 4639 358 4691; x_wconf 88' lang='lat' dir='ltr'>uocatur</span> <span class='ocrx_word' id='word_1_349' title='bbox 377 4636 414 4706; x_wconf 80' lang='lat' dir='ltr'>(in</span> <span class='ocrx_word' id='word_1_350' title='bbox 433 4636 524 4691; x_wconf 86' lang='lat' dir='ltr'>altero</span> <span class='ocrx_word' id='word_1_351' title='bbox 543 4635 622 4706; x_wconf 88' lang='lat' dir='ltr'>pede)</span> <span class='ocrx_word' id='word_1_352' title='bbox 642 4653 700 4691; x_wconf 91' lang='lat' dir='ltr'>non</span> <span class='ocrx_word' id='word_1_353' title='bbox 718 4635 887 4691; x_wconf 84' lang='lat' dir='ltr'>admittitur.</span> <span class='ocrx_word' id='word_1_354' title='bbox 1334 4661 1336 4668; x_wconf 38' lang='grc' dir='ltr'><em>ν</em></span> 
     </span>
    </p>
   </div>
   <div class='ocr_carea' id='block_1_11' title="bbox 0 0 1726 5130">
    <p class='ocr_par' dir='ltr' id='par_1_11' title="bbox 0 0 1726 5130">
     <span class='ocr_line' id='line_1_42' title="bbox 0 0 1726 5130; baseline 0 0"><span class='ocrx_word' id='word_1_355' title='bbox 0 0 1726 5130; x_wconf 95' lang='lat' dir='ltr'> </span> 
     </span>
    </p>
   </div>
  </div>
 </body>
</html>
