3448 5134
769 392 991 458 ..92-

455 577 514 635 νῦν
537 571 597 654 μὲν
621 570 681 654 rio
706 574 781 655 ἡμῖν
805 574 931 654 νένονεν
955 572 1037 656 ἀρχὴ
1064 573 1280 657 [πραγμάτων]

453 670 589 751 ἀγαθῶν
611 668 646 733 τὸ
671 668 727 734 σὸν
750 672 903 752 πάροινον

241 764 338 831 aliter
360 765 571 850 interpretari
594 765 728 832 omnino
752 787 821 832 non
844 787 1031 853 possumus.
1079 766 1162 833 Oum
1184 768 1286 851 igitur
1310 769 1349 834 de
1373 767 1524 836 fraterno

241 882 353 929 amore
378 863 516 945 cogitari
545 867 694 949 nequeat
723 885 832 950 noque
863 863 1012 931 adfuisse
1036 866 1134 932 modo
1166 864 1415 932 adulescentem
1439 867 1525 933 satis

239 981 313 1026 esse
330 959 486 1026 uideatur
506 961 543 1026 ci.
567 983 597 1048 p.
614 962 654 1027 91
673 961 768 1048 me'd,
793 966 889 1048 patet
912 963 979 1030 alia
1001 963 1097 1047 ratio,
1121 967 1161 1030 ut
1183 985 1218 1030 re
1241 956 1323 1030 uera
1345 965 1445 1030 luerit
1467 965 1523 1030 ille

240 1062 373 1124 amator
396 1061 430 1124 et
453 1058 558 1143 mileo,
595 1061 715 1146 quippe
747 1061 804 1146 qui
834 1059 959 1126 stultus
991 1060 1036 1125 sit
1059 1082 1099 1126 ac
1122 1062 1329 1145 temerarius
1364 1062 1541 1148 deceptus-

243 1156 288 1222 sit
305 1155 355 1238 (cf.
372 1156 443 1222 Ter.
460 1157 543 1222 Eun.
561 1157 626 1223 370
639 1179 708 1243 sqq.
732 1156 840 1224 Plaut.
856 1157 922 1224 Mil.
938 1158 1005 1225 767
1017 1180 1087 1245 sqq.
1104 1158 1201 1243 alibi).
1240 1159 1356 1245 Neque
1372 1161 1525 1246 ineptum

241 1257 294 1320 ost
328 1257 479 1321 statuere
514 1253 764 1322 adulescentem
800 1278 821 1322 a
852 1259 962 1342 patre,
997 1261 1036 1322 ut
1072 1255 1112 1323 de
1143 1278 1254 1324 sorore
1288 1259 1522 1344 sciscitaretur,

240 1353 380 1418 missum
406 1350 583 1440 Glyceram
606 1353 784 1420 adamasse
807 1356 909 1441 atque
941 1374 1017 1420 cum
1040 1355 1147 1441 prima
1170 1357 1292 1421 amoris
1317 1355 1414 1438 signa
1435 1357 1524 1422 inter

240 1471 277 1516 se
300 1452 594 1536 communicarent,
618 1451 730 1518 uisum
754 1473 829 1528 esse
856 1452 1017 1536 amilite3
1048 1456 1168 1539 postea
1191 1456 1305 1518 autem
1329 1474 1364 1519 re
1389 1455 1524 1536 cognita

241 1569 317 1614 cum
340 1569 485 1614 sororem
510 1570 577 1614 non
601 1550 709 1635 possit
729 1547 857 1633 ducere,
881 1548 1025 1616 libenter
1048 1549 1139 1616 aliud
1154 1551 1237 1616 inire
1260 1551 1524 1618 matrimonium:

239 1646 279 1714 of.
304 1668 335 1711 u.
352 1646 396 1712 50
428 1649 463 1712 et
486 1645 595 1714 Plaut.
611 1646 703 1733 Epid.
720 1646 786 1714 647
800 1669 870 1734 sqq.
917 1647 990 1728 Qua
1025 1648 1216 1715 coniectura
1251 1649 1394 1735 probata
1423 1649 1524 1714 facile

240 1743 453 1827 intellegitur,
490 1765 547 1810 cur
570 1767 601 1811 u.
618 1746 661 1811 50
691 1746 859 1812 Pataecus
894 1747 1006 1812 subito
1039 1745 1079 1812 do
1110 1747 1169 1812 filii
1199 1747 1358 1833 loquatur
1380 1748 1524 1834 nuptiis:

239 1842 488 1908 matrimonium
511 1841 621 1908 iacere
646 1843 773 1926 cogitur
794 1843 860 1927 ille,
892 1847 933 1910 ut
955 1843 1104 1927 legitima
1127 1844 1305 1931 uoluptate
1328 1867 1411 1911 usus
1436 1845 1523 1912 desi-

239 1943 301 2006 nat
323 1941 358 2006 in
382 1939 500 2006 alienis
524 1941 684 2007 uxoribus
708 1962 854 2028 peccare.

346 2038 395 2104 De
420 2059 522 2104 uersu
545 2040 601 2125 qui
625 2040 775 2126 sequitur
799 2039 944 2106 dubitari
968 2041 1097 2126 nequit3
1130 2061 1255 2124 magna
1283 2043 1336 2107 est
1359 2039 1523 2108 dissensio

240 2134 281 2201 de
323 2136 371 2202 12.
419 2135 635 2204 restituendo.
696 2137 809 2224 Atque
860 2138 1008 2203 omnium
1047 2139 1313 2204 coniecturarum
1358 2142 1524 2225 quotquot

239 2237 485 2320 proposuerunt
507 2234 567 2300 uiri
593 2235 682 2301 docti
707 2236 914 2303 coniecturas
937 2237 1083 2302 maxime
1108 2236 1397 2322 comprobaremus
1421 2238 1521 2321 ἅ[νὸρ’

239 2343 318 2406 root
341 2342 436 2424 νέον1,
472 2341 501 2406 si
536 2341 691 2428 exempla
727 2343 811 2408 satis
841 2342 961 2409 idonea
991 2363 1167 2428 possemus
1202 2341 1340 2428 adferre,
1374 2344 1454 2429 quia
1488 2346 1524 2409 et

241 2440 430 2505 sententiae
464 2440 548 2506 bene
580 2443 801 2506 conectuntur
832 2446 867 2507 et
889 2443 989 2513 εὐθύς
1011 2441 1116 2508 habet
1139 2463 1204 2526 quo
1228 2441 1396 2527 pertineat
1418 2442 1518 2527 parti-

239 2538 369 2622 cipium.
422 2537 550 2604 Deinde
585 2539 673 2624 quod
708 2537 913 2604 Herwerden
948 2539 1079 2625 scripsit
1113 2539 1223 2623 α[ὐτὴν
1260 2541 1420 2623 ὑπονοῶν]
1460 2540 1523 2606 hoc

240 2664 346 2709 unum
371 2642 531 2729 displicet,
556 2644 644 2730 quod
668 2648 816 2712 ὑπονοεῖν
841 2649 1005 2732 quantum
1021 2629 1175 2712 uidemus
1199 2645 1432 2711 accusatiuum
1454 2666 1523 2711 non

240 2740 345 2807 habet
378 2741 444 2806 nisi
479 2763 554 2807 cum
588 2742 757 2809 infinitiuo
793 2745 1016 2810 coniunctum.
1069 2743 1207 2808 Rectius
1245 2743 1345 2827 igitur
1382 2743 1523 2809 forsitan

240 2839 383 2905 conicias
400 2840 508 2924 α1ὐτὴν
523 2842 723 2926 καταλαβών]
741 2841 954 2927 ‘simulatque
971 2861 1046 2906 eam
1066 2839 1287 2927 deprehendi,
1305 2841 1342 2907 ci.
1354 2841 1522 2927 Aristoph.

240 2945 371 3012 Thesm.
391 2931 533 3032 1208sq.

455 3046 512 3110 σὸν
535 3049 638 3129 ἔργον,
663 3053 760 3129 φεῦγε
782 3048 857 3131 πρὶν
878 3047 934 3111 τὸν
955 3047 1089 3130 τοξότην

452 3145 572 3227 ἥκοντα
595 3146 783 3228 καταλαβεῖν
939 3143 1062 3209 Nicost.
1077 3143 1114 3209 fr.
1131 3145 1174 3209 25
1197 3143 1235 3211 K.
1253 3143 1333 3209 OAK
1350 3143 1379 3209 ll
1401 3165 1431 3230 p.
1448 3143 1521 3208 226.

241 3239 307 3305 Sed
328 3240 397 3305 iarn
420 3240 524 3306 finem
547 3239 657 3308 facere
681 3241 894 3308 Polemonem
925 3259 1039 3307 secum
1063 3241 1220 3328 loquendi
1243 3245 1396 3327 apertum
1429 3246 1481 3307 est
1504 3261 1521 3306 e

240 3358 341 3403 uersu
375 3337 425 3422 14,
462 3338 519 3404 ubi
542 3338 697 3404 Doridem
729 3359 815 3425 quae
845 3360 880 3404 re
912 3339 996 3405 bene
1030 3345 1127 3423 gesta
1157 3341 1337 3405 reuertitur
1367 3338 1521 3424 adpellet.

240 3435 351 3522 Atque
387 3457 405 3500 e
439 3435 603 3522 particula
639 3445 807 3521 τοιγαροῦν
840 3459 871 3502 u.
899 3437 939 3503 13
979 3439 1190 3520 cognoscitur
1229 3458 1306 3503 eum
1343 3444 1521 3524 postquam

240 3533 320 3619 quid
351 3537 454 3599 antea
484 3535 625 3617 gesserit
655 3555 767 3600 secum
793 3537 1045 3620 computauerit,
1079 3538 1161 3602 tunc
1184 3557 1249 3621 quo
1276 3535 1312 3601 in
1336 3534 1522 3601 discrimine

239 3634 373 3718 propter
402 3630 484 3697 illud
515 3631 683 3716 flagitium
713 3632 811 3700 modo
842 3637 999 3699 uersatus
1035 3634 1079 3700 sit
1114 3633 1230 3719 paucis
1255 3653 1521 3699 commemorare.

241 3730 350 3810 Quare
375 3731 498 3816 optime
514 3729 740 3797 Wilamowitz
763 3734 841 3818 post
861 3740 1031 3815 τοιγαροῦν
1047 3731 1218 3818 suppleuit
1241 3733 1434 3816 ἀπηγχόμην
1457 3734 1521 3795 ‘me

240 3826 442 3914 suspendere
457 3829 493 3893 in
506 3829 616 3894 animo
629 3827 808 3894 habebam’
826 3829 866 3895 cf.
881 3827 966 3894 Plat.
976 3829 1014 3896 fr.
1033 3831 1074 3896 75
1088 3831 1125 3895 K.
1139 3828 1220 3895 OAP
1235 3830 1291 3915 lp.
1308 3829 1374 3896 622
1386 3827 1522 3914 Antiph.

238 3925 275 3990 fr.
294 3924 401 4009 148,6
436 3926 474 3992 K.
492 3925 624 3992 corn
658 3947 688 4012 p.
705 3928 757 4011 71,
793 3926 829 3992 fr.
854 3927 964 4010 204,7
998 3929 1037 3995 K.
1055 3927 1188 3994 curn
1222 3949 1252 4013 p.
1274 3927 1325 3992 99.
1374 3926 1521 3992 Philemo

238 4022 275 4087 fr.
295 4022 358 4089 130
380 4024 419 4089 K.
436 4022 517 4089 OAP
532 4024 562 4088 ll
584 4046 613 4110 p.
631 4022 696 4090 519
722 4024 889 4091 Archadio.
904 4025 942 4091 fr.
960 4025 1024 4109 3,7
1047 4025 1086 4092 K.
1104 4025 1185 4092 CAP
1200 4025 1244 4090 111
1267 4046 1297 4111 p.
1314 4025 1388 4091 277.

346 4121 417 4186 lam
441 4143 527 4206 quae
550 4126 738 4208 sequuntur
761 4143 802 4189 ea
822 4126 911 4189 recte
934 4123 1145 4210 interpretati
1168 4128 1249 4190 sunt
1275 4121 1437 4207 Britanni,
1462 4121 1522 4188 sed

240 4217 328 4304 quod
358 4241 389 4284 u.
420 4220 462 4283 16
494 4221 623 4304 [maiiiv]
655 4219 897 4307 suppleuerunt
931 4221 1042 4287 minus
1073 4220 1192 4307 placet,
1229 4222 1308 4307 quia
1338 4220 1424 4286 haec
1454 4240 1523 4285 uox

109 4339 113 4350 ·
241 4317 336 4382 deest
370 4315 506 4382 dictioni
546 4318 691 4384 comicae
727 4321 763 4384 et
791 4317 1071 4384 uestimentorum
1106 4319 1259 4401 catalogo
1291 4317 1347 4404 qui
1378 4317 1523 4384 traditus

240 4418 292 4480 est
316 4413 406 4501 apud
427 4413 596 4480 Pollucem
610 4413 671 4480 Vll
694 4414 738 4482 46
753 4438 821 4502 sqq.
867 4416 984 4501 Neque
1008 4419 1193 4483 ceterarum
1215 4415 1382 4502 pallarum
1404 4413 1522 4481 mulie-

240 4512 348 4578 brium
378 4511 448 4578 ulla
482 4512 546 4578 hoc
575 4513 647 4578 loco
679 4512 812 4580 uidetur
843 4513 1019 4579 nominata
1050 4535 1134 4582 esse.
1179 4513 1267 4580 Nam
1290 4516 1446 4598 ἔγκυκλον
1471 4511 1522 4596 (cf.

240 4607 420 4693 Hermann,
447 4608 575 4677 Griech.
599 4611 837 4697 Antiquitdten
859 4611 927 4676 IV⁸
949 4633 979 4698 p.
997 4612 1082 4697 188),
1115 4633 1202 4698 quae
1233 4633 1301 4678 uox
1324 4632 1395 4678 una
1417 4611 1522 4678 saluis

240 4709 386 4774 numeris
410 4709 518 4794 possit
541 4709 696 4797 suppleri,
720 4712 895 4796 propterea
917 4711 1034 4795 nequit
1050 4714 1150 4795 stare,
1175 4709 1265 4795 quod
1279 4711 1523 4776 uestimentum
