3442 5130
787 332 1006 398 ,24..

257 510 338 577 dum
360 510 458 577 modo
482 510 673 576 Philiunam
696 511 811 576 multis
836 510 934 576 anuis
957 509 1127 597 Myrrhina
1156 511 1317 578 maiorem
1347 513 1432 578 natu
1463 532 1538 578 esse

257 629 453 677 censeamus
477 609 549 673 siue
574 607 727 675 ancillam
752 609 833 693 siue,
863 607 897 673 id
921 607 1008 694 quod
1031 609 1102 674 ueri
1135 612 1187 675 est
1210 608 1351 675 similius
1374 610 1538 676 nutricem

256 705 296 774 cf.
313 706 454 772 Diatzko
479 705 498 774 l.
517 728 543 772 s.
566 727 596 792 p.
613 705 687 772 507.
721 705 926 793 Myrrhinam
949 709 1064 772 autem
1087 709 1230 773 matrem
1253 727 1326 773 esse
1350 708 1421 772 eius
1437 728 1538 793 quam

256 802 454 871 adulescens
496 804 705 870 adamauerit
743 826 773 890 p.
804 804 847 870 53
865 825 911 890 sq.
949 804 1174 890 exposuimus,
1232 805 1303 871 Iam
1341 826 1488 890 quanam
1519 826 1538 872 e

257 902 354 968 domo
379 900 533 968 mulieres
558 904 682 968 exeant
704 900 932 988 quaerendum
956 905 1016 968 est.
1050 899 1131 967 Inde
1155 902 1244 968 enim
1265 901 1353 989 quod
1369 901 1539 989 Myrrhina

257 999 431 1065 Philiunae
456 1001 583 1086 quanto
613 1020 723 1065 rerum
754 999 790 1064 in
814 999 1000 1065 discrimine
1031 1003 1184 1066 uersatur
1215 999 1312 1066 modo
1344 999 1536 1087 explicauit,

257 1097 417 1163 Dziatzko
448 1119 478 1184 p.
503 1098 568 1164 507
600 1100 689 1164 reete
725 1095 893 1164 concludit
926 1118 996 1163 non
1029 1097 1065 1162 in
1099 1097 1218 1164 eadem
1253 1097 1350 1164 domo
1384 1097 1537 1164 habitare

258 1198 448 1280 utramque:
477 1195 536 1260 ‘Im
559 1194 675 1260 Hausc
700 1194 756 1260 der
778 1194 820 1260 M.
844 1200 935 1262 ware
960 1194 1008 1261 sie
1033 1196 1062 1277 li.
1079 1217 1106 1262 e.
1130 1195 1296 1279 Philinus)
1320 1195 1411 1262 wohl
1434 1195 1537 1262 sehon

256 1291 371 1358 friiher
392 1313 460 1358 von
489 1292 563 1359 dem
595 1292 816 1359 unterriohtet
838 1292 985 1377 worden,
1018 1313 1090 1360 was
1114 1293 1156 1359 M.
1180 1293 1232 1358 ihr
1255 1293 1340 1360 eben
1371 1296 1439 1360 erst
1460 1315 1537 1360 ver·

255 1393 349 1457 traut
368 1390 438 1457 hat’
463 1395 498 1456 et
520 1414 549 1478 p.
566 1390 631 1457 509
655 1389 844 1477 Myrrhinae
870 1391 968 1456 domo
994 1391 1149 1458 mulieres
1173 1389 1284 1474 egredi
1299 1412 1360 1457 suo
1382 1391 1454 1458 iure
1476 1411 1536 1456 ne-

256 1489 359 1572 gauit.
406 1487 499 1568 Quae
531 1510 606 1554 cum
636 1489 687 1554 ita
714 1489 791 1573 sint,
816 1488 988 1575 Myrrhina
1019 1489 1062 1555 ad
1085 1488 1276 1556 Philiunam
1309 1493 1348 1555 ut
1389 1509 1464 1557 cum
1497 1510 1538 1554 ea

257 1585 500 1673 colloqueretur
530 1608 566 1652 se
598 1585 779 1652 contulisse
809 1585 952 1670 uidetur,
982 1607 1072 1652 nunc
1099 1586 1187 1653 illius
1212 1587 1309 1654 domo
1334 1607 1470 1671 egressa
1494 1587 1537 1652 ab

258 1683 376 1750 eadem
400 1687 535 1752 domum
559 1682 684 1751 deduci.
731 1683 810 1749 Tres
833 1683 934 1767 igitur
955 1685 992 1751 in
1014 1705 1138 1751 scaeua
1162 1685 1278 1751 domos
1301 1683 1407 1750 fuisse
1431 1688 1536 1770 patet,

258 1781 492 1865 adulescentie,
516 1781 700 1864 Philiunae,
724 1781 913 1868 Myrrhinae
946 1784 981 1848 et
1012 1782 1148 1848 amicae.
1195 1783 1287 1863 Quae
1320 1782 1439 1848 domus
1472 1803 1537 1868 quo

256 1880 383 1945 luerint
413 1878 526 1945 ordine
551 1879 742 1965 dispositae,
774 1880 852 1946 licet
876 1881 958 1946 scire
982 1901 1049 1946 non
1074 1881 1252 1966 possimus,
1286 1882 1440 1946 attamen
1464 1901 1537 1965 pro-

257 1977 382 2044 babilia
417 1978 606 2044 coniectura
640 1977 735 2064 sequi
764 1977 869 2044 iuuat.
916 1977 965 2044 Ac
997 1979 1139 2064 primum
1174 1976 1311 2064 quidem
1342 1976 1537 2044 adulescens

256 2098 288 2141 u.
314 2077 354 2139 17
386 2075 536 2141 eonstit‘t
567 2077 647 2141 ante
680 2077 807 2141 amicae
840 2079 874 2141 et
904 2074 1093 2161 Myrrhinae
1129 2074 1248 2157 aedes,
1283 2079 1355 2141 tum
1392 2075 1465 2141 abit
1495 2074 1538 2141 ad

256 2171 399 2244 laeuam.
445 2172 572 2238 Harum
596 2173 696 2255 igitur
727 2172 828 2238 aedes
852 2174 887 2237 in
912 2173 1030 2238 dextra
1054 2193 1196 2239 scaenae
1220 2176 1315 2259 parte
1348 2172 1432 2238 sitas
1465 2192 1539 2238 esse

257 2291 326 2336 non
348 2273 547 2358 putauerim,
572 2271 651 2358 quia
674 2272 702 2336 si
727 2272 850 2353 essent,
876 2269 1073 2336 adulescens
1097 2292 1155 2356 per
1177 2274 1288 2337 totam
1310 2291 1469 2336 scaenam
1491 2271 1537 2336 ire

259 2366 404 2454 deberet,
428 2369 463 2435 id
487 2367 575 2456 quod
602 2368 760 2434 abhorret
783 2389 804 2434 a
826 2369 897 2434 ueri
922 2368 1038 2454 specie.
1084 2367 1212 2436 Deinde
1236 2368 1353 2434 Dauus
1386 2389 1428 2433 ex
1458 2388 1536 2451 agro

255 2466 274 2532 i.
292 2487 318 2531 e.
343 2487 364 2532 a
388 2465 506 2532 dextra
528 2467 629 2533 flores
653 2465 761 2532 adlert
784 2465 1007 2532 adulescentis
1033 2465 1176 2532 domum.
1212 2466 1320 2547 Quam
1345 2465 1480 2531 domum
1503 2465 1537 2529 in

256 2560 376 2630 dextra
398 2567 493 2649 parte
517 2565 616 2629 sitam
640 2563 746 2629 fuisse
760 2566 937 2649 propterea
959 2564 1114 2631 arbitrari
1136 2564 1249 2646 nolim,
1274 2562 1363 2650 quod
1386 2564 1415 2629 si
1439 2583 1480 2628 ea
1502 2563 1537 2627 iu

256 2661 357 2726 laeua
380 2661 435 2727 uel
450 2661 560 2727 media
576 2682 700 2728 scaena
715 2661 991 2748 conspiciebatur,
1016 2661 1172 2728 facillime
1193 2664 1399 2748 spectatores
1414 2680 1536 2743 magno

256 2758 378 2824 florum
413 2757 557 2845 pondere
592 2761 626 2825 in
665 2759 776 2826 media
810 2780 933 2826 scaena
972 2762 1144 2826 ostentato
1181 2757 1337 2825 delectari
1373 2759 1537 2846 poterant.

258 2855 385 2936 Quibus
417 2857 457 2923 de
489 2858 599 2923 causis
637 2877 745 2944 neque
784 2856 1009 2924 adulescentis
1049 2855 1149 2923 aedes
1188 2877 1250 2922 uec
1281 2855 1472 2944 Myrrhinae
1502 2857 1536 2921 in

258 2953 377 3020 dextra
399 2953 555 3020 uidentur
577 2953 683 3021 fuisse
706 2953 765 3021 sed
787 2955 972 3022 Philiunae.
1018 2954 1178 3020 Necnon
1208 2956 1244 3020 in
1275 2953 1385 3021 media
1414 2974 1538 3020 scaena

259 3055 372 3118 utrum
402 3051 505 3118 fuerit
534 3051 759 3119 adulescentis
792 3074 836 3118 au
868 3052 1057 3139 Myrrhinae
1089 3054 1215 3136 domuS,
1246 3052 1392 3118 fortasse
1425 3051 1538 3138 aliqua

258 3170 344 3216 ausa
368 3149 467 3216 datur
488 3173 520 3216 u.
544 3152 586 3217 25
597 3172 644 3237 sq.

473 3245 576 3337 [ripple
598 3250 655 3333 τὴν
676 3251 783 3334 θύραν
800 3250 946 3313 ἐλθοῦσα
969 3250 1023 3313 καὶ
1046 3250 1204 3314 καλέσασα
1227 3249 1282 3313 τὸν

471 3343 657 3437 [ἀλα]ζ<ό>ν’
684 3350 747 3421 ἔξω
771 3353 881 3411 τοῦτον
904 3350 999 3411 εἰπεῖν
1023 3349 1083 3412 ὅσα
1103 3354 1227 3431 φρονῶ.

256 3441 350 3509 Haec
373 3444 461 3510 enim
477 3445 582 3510 uerba
597 3443 703 3509 multo
726 3443 910 3509 redduntur
930 3443 1184 3521 uehementiora
1204 3444 1427 3529 maioremque
1448 3443 1536 3508 acci·

256 3541 355 3627 piunt
377 3544 447 3607 uim
469 3564 509 3608 ac
532 3544 690 3626 uigorem,
715 3542 744 3607 si
768 3541 884 3607 eodem
899 3542 1057 3627 temporis
1081 3543 1250 3607 momento
1267 3540 1536 3628 pronuntiantur,

257 3660 322 3725 quo
353 3638 508 3707 mulieres
532 3640 707 3706 Philiunae
738 3638 836 3706 domo
868 3639 912 3705 ad
934 3638 1123 3725 Myrrhinae
1156 3638 1256 3706 aedes
1288 3640 1398 3705 iturae
1429 3638 1537 3724 ipsam

258 3735 483 3803 adulescentis
512 3737 645 3805 domum
668 3740 891 3824 praetereunt.
938 3735 1033 3803 Unde
1055 3737 1199 3803 fortasse
1223 3736 1311 3802 hanc
1343 3736 1479 3802 domum
1500 3737 1534 3801 iu

258 3835 369 3900 modia
393 3856 525 3920 scaena,
550 3835 738 3921 Myrrhinae
761 3836 796 3901 in
817 3835 917 3901 laeua
941 3835 1042 3900 sitam
1066 3853 1139 3900 esse
1161 3833 1294 3900 efficies.
1330 3832 1536 3899 Adulescens

257 3933 358 4015 igitur
378 3934 435 4020 qui
450 3934 576 4020 primus
598 3934 766 3998 inducitur
787 3933 939 3998 emediis
961 3932 1100 3998 aedibus
1122 3952 1275 4015 egressus
1295 3952 1414 3997 uersus
1439 3932 1536 4016 lsqq.

259 4031 337 4113 agit,
361 4029 479 4096 deinde
496 4031 591 4097 tarde
615 4052 677 4096 uec
701 4031 772 4095 sine
795 4051 889 4095 mora
912 4028 956 4096 ad
978 4029 1098 4095 laeuae
1116 4029 1234 4095 domus
1250 4033 1382 4117 portam
1397 4027 1535 4110 accedit,

260 4126 401 4214 denique
424 4130 460 4194 in
490 4128 606 4193 urbem
633 4128 652 4195 i.
674 4150 701 4194 e.
725 4128 768 4194 ad
790 4128 926 4193 laeuam
958 4128 1037 4194 abit.
1083 4128 1170 4192 Tum
1199 4126 1354 4194 mulieres
1378 4147 1395 4192 e
1420 4125 1538 4191 dextra

259 4225 356 4291 domo
387 4225 551 4312 prodeunt
582 4229 617 4292 et
648 4224 871 4291 adulescentis
901 4225 933 4291 h.
958 4247 985 4290 e.
1016 4224 1161 4292 mediam
1193 4224 1327 4290 domurn
1358 4225 1426 4289 iam
1457 4225 1537 4289 sunt

258 4326 507 4409 praeterituras,
532 4345 607 4389 cum
630 4345 662 4389 u.
678 4324 719 4389 31
732 4345 779 4411 sq.
813 4324 930 4390 Dauus
947 4345 1065 4389 seruus
1082 4345 1103 4389 a
1119 4322 1235 4389 dextro
1259 4324 1364 4389 latere
1389 4321 1536 4388 aduenit.

365 4420 430 4488 Sed
466 4423 641 4488 ueniamus
665 4421 803 4488 tandem
827 4421 871 4486 ad
894 4443 935 4488 ea
957 4419 1143 4504 tractanda,
1167 4442 1253 4508 quae
1275 4423 1364 4487 inter
1386 4441 1423 4486 se
1447 4439 1536 4486 com-

257 4520 432 4586 municant
453 4519 617 4587 mulieres.
664 4518 779 4607 Neque
804 4519 844 4586 de
871 4520 946 4605 ipsa
975 4539 1010 4584 re
1041 4519 1177 4586 uberius
1208 4517 1298 4605 apud
1330 4519 1537 4604 spectatores

257 4617 362 4684 uerba
384 4618 523 4702 iaciunt3
548 4617 605 4705 qui
627 4637 695 4684 non
716 4616 860 4684 audiunt
875 4618 939 4683 uisi
953 4617 1158 4704 Myrrhinam
1173 4615 1409 4683 adfirmantem
1425 4615 1538 4682 omnia
