3448 5134
772 368 1016 433 —110-

251 546 395 613 multum
418 546 542 612 habere
576 544 773 632 suspicionis
804 567 873 612 non
905 546 1031 628 ignom,
1066 548 1181 612 tamen
1217 544 1378 612 audacius
1412 545 1532 612 iecisse

251 645 333 711 mihi
356 665 424 710 non
447 642 584 710 uidebor
616 664 690 710 cum
722 643 835 710 omnia
866 664 953 729 quae
977 643 1017 708 de
1041 642 1184 709 Embaro
1213 646 1418 726 enarrentur,
1450 643 1534 710 ficta

253 763 327 809 esse
344 745 505 825 statuere,
530 745 570 808 ut
591 741 804 828 prouerbium
819 739 983 827 illudque
1003 742 1101 807 modo
1118 742 1228 807 ortum
1244 741 1289 806 sit
1304 741 1533 827 explicaretur.

360 840 431 906 Iam
469 838 599 907 aceedit
637 839 738 905 tertia
774 839 1007 925 interpretatio
1046 838 1129 906 GGL
1151 839 1195 904 Ill
1226 861 1256 926 p.
1273 838 1349 922 562,
1367 840 1408 903 12
1448 839 1533 906 Gdtn

250 938 416 1004 ‘embaros
434 987 440 1003 .
457 937 468 1003 i
486 987 492 1003 .
510 935 669 1020 grauida’.
715 935 808 1016 Quae
839 935 1071 1023 interpretatio
1102 957 1160 1023 per
1191 956 1227 1002 se
1250 935 1398 1024 forsitan}
1426 939 1533 1023 possit

251 1036 391 1122 probari.
437 1034 524 1101 Nam
547 1037 576 1101 si
598 1056 681 1101 uera
704 1035 757 1120 sit,
783 1055 900 1101 uocem
924 1037 1066 1119 ἔμβαρος
1089 1034 1249 1117 originem
1273 1033 1392 1100 ducere
1413 1058 1435 1102 a
1450 1056 1533 1102 uooe

250 1136 354 1218 βαρύς
376 1135 485 1220 putee,
518 1131 553 1198 id
576 1131 664 1218 quod
687 1131 782 1198 Kock
804 1131 824 1197 l.
841 1153 866 1198 s.
889 1132 989 1198 huius
1019 1131 1152 1216 glossae
1182 1133 1319 1215 ignarus
1349 1133 1532 1200 arbitratus

255 1235 316 1296 est.
354 1232 469 1317 Neque
493 1230 674 1298 abhorreat
688 1230 773 1296 haec
787 1230 1018 1316 interpretatio
1035 1249 1056 1294 a
1071 1250 1182 1296 nouae
1198 1230 1388 1297 comoediae
1411 1230 1531 1314 indole,

250 1329 370 1414 inqua
392 1329 518 1415 passim
541 1329 758 1394 inueniantur
774 1329 919 1411 uirgines
944 1347 1151 1414 compressae
1173 1331 1275 1414 atque
1298 1336 1532 1414 praegnantes.

252 1427 364 1512 Atque
395 1427 459 1493 hoc
490 1426 547 1512 qui
579 1426 845 1512 comprobauerit
873 1424 984 1491 facere
1015 1446 1083 1491 non
1114 1427 1237 1512 poterit
1270 1426 1350 1511 quin
1382 1447 1532 1512 eaquae

253 1522 348 1589 Koclr
371 1524 391 1589 l.
408 1545 432 1590 s.
448 1545 478 1610 p.
496 1523 561 1591 589
587 1524 742 1610 exposuit
764 1521 881 1590 laudet
905 1543 944 1590 ac
966 1523 1140 1590 Menandri
1163 1545 1282 1590 uersus
1305 1524 1352 1590 sic
1374 1525 1533 1591 restituat

975 1623 1035 1687 οὐκ
1059 1624 1203 1706 ἔμβαρον
1215 1624 1252 1706 ⁸¹)

466 1717 531 1809 <τ>ί
551 1723 709 1805 ἔμβαρος;
733 1716 947 1809 ἀρχαϊσμὸ<ς>
970 1719 1065 1791 οὗτος
1087 1721 1251 1804 ῥημάτων.

252 1817 340 1883 Nam
363 1819 392 1883 εἴ
412 1821 554 1903 ἔμβαρος
588 1821 764 1905 propterea
794 1817 853 1882 uix
882 1820 997 1904 potest
1027 1821 1126 1899 stare,
1161 1817 1251 1903 quod
1280 1817 1316 1882 in
1346 1820 1420 1884 tota
1442 1839 1533 1884 noua

254 1915 426 1981 comoedia
448 1936 622 2000 nunquam
653 1915 811 1998 grauidae
843 1914 1056 2002 adpellantur
1078 1935 1141 1981 nec
1170 1915 1206 1980 in
1230 1936 1387 1982 scaenam
1408 1915 1532 2002 produ-

252 2017 374 2078 cuntur
409 2013 468 2079 sed
502 2033 617 2079 earum
651 2013 743 2078 intus
779 2013 994 2079 clamantium
1031 2033 1131 2078 uoces
1166 2013 1361 2079 audiuntur:
1397 2012 1436 2080 ci.
1461 2012 1531 2080 Ter.

253 2109 353 2175 Andr.
370 2111 435 2177 473
459 2111 519 2177 Ad.
535 2110 610 2177 486.
642 2109 751 2177 Plaut.
768 2110 841 2176 Aul.
858 2111 921 2177 691
937 2132 983 2196 sq.
1018 2111 1122 2197 Atqui
1139 2111 1272 2176 omnino
1288 2110 1325 2175 in
1335 2109 1532 2193 fragmentis

254 2209 326 2273 tam
361 2209 489 2292 exiguis
525 2211 683 2291 corrigere
718 2214 771 2275 est
806 2229 1013 2294 corrumpere
1049 2210 1151 2294 atque
1185 2229 1228 2273 ex
1264 2209 1337 2294 ipso
1374 2207 1532 2276 lemmate

252 2307 395 2390 ἔμβαρός
426 2309 488 2389 εἰμι
519 2305 559 2372 de
590 2308 619 2371 τί
646 2309 789 2391 ἔμβαρος
813 2307 951 2390 cogitari
984 2327 1052 2372 non
1082 2326 1182 2392 posse
1213 2326 1401 2390 cognosces
1447 2305 1532 2391 Ergo

255 2402 344 2470 hanc
365 2404 675 2491 interpretationem
699 2425 785 2491 quae
802 2427 821 2470 e
836 2404 1039 2470 medicorum
1063 2423 1214 2470 sermone
1239 2402 1341 2470 ducta
1362 2405 1397 2469 in
1413 2404 1532 2488 glossis

252 2504 346 2568 extet
377 2501 595 2568 aMenandri
629 2502 700 2568 loco
736 2523 811 2568 esse
846 2502 992 2568 alienam
1015 2502 1165 2590 adparet,
1196 2502 1392 2588 praesertim
1427 2502 1456 2568 si
1490 2500 1533 2569 ad

252 2598 376 2666 Suidae
400 2603 435 2666 et
457 2599 554 2667 lexici
578 2601 724 2667 auctoris
747 2601 852 2666 uerba
873 2603 1008 2666 τάττεται
1031 2622 1058 2666 c.
1074 2622 1103 2686 q.
1120 2623 1144 2666 s
1168 2601 1361 2687 respexeris

360 2697 452 2778 Quae
477 2719 553 2764 cum
575 2700 625 2765 ita
648 2700 724 2782 sint,
749 2720 859 2786 neque
884 2698 963 2785 quid
986 2699 1154 2782 significet
1169 2719 1236 2764 uox
1259 2701 1401 2783 ἔμβαρος
1422 2718 1532 2784 neque

251 2817 275 2862 a
297 2817 443 2882 quanam
468 2797 569 2882 stirpe
594 2795 776 2862 descendat
798 2818 908 2882 neque
930 2796 1077 2863 litteram
1101 2822 1121 2861 c
1144 2800 1256 2863 utram
1280 2799 1465 2883 correptam
1488 2817 1532 2862 an

253 2893 448 2980 productam
471 2893 599 2960 habeat
627 2895 760 2960 omnino
793 2895 924 2961 scimus.
971 2894 1088 2980 Itaque
1117 2916 1185 2981 qua
1207 2895 1337 2961 ratione
1360 2893 1534 2960 Menandri

254 2992 358 3058 uerba
382 2991 617 3076 distinguenda
640 2995 700 3058 aut
730 2991 983 3079 interpretanda
1013 2993 1082 3058 sint
1105 2996 1167 3059 aut
1190 3014 1254 3079 quo
1277 2990 1349 3058 loco
1374 3012 1533 3058 uersuum

251 3090 366 3156 exitus
401 3091 471 3157 sint
505 3088 686 3174 statuendi,
727 3093 926 3173 argumenta
960 3089 1071 3157 adhuc
1107 3111 1175 3157 non
1209 3092 1353 3176 possunt
1385 3089 1531 3176 proferri.

254 3186 326 3254 Hoc
349 3208 453 3254 unum
476 3192 515 3255 ut
538 3210 639 3276 supra
655 3188 799 3255 diximus
817 3191 952 3256 constat
974 3187 1067 3253 illum
1091 3185 1452 3277 ᾱίκὶεεθάρχαϊσμὸ<ς>
1475 3186 1531 3253 οὗ·

251 3310 306 3357 τος
329 3289 482 3371 ῥημάτων
505 3307 606 3353 ucrsu
639 3289 794 3369 exeunte,
828 3290 864 3353 at
885 3287 945 3352 ita
967 3285 1100 3373 quidem
1131 3289 1171 3352 ut
1201 3285 1321 3372 aliquis
1353 3286 1532 3369 castigaret

251 3381 482 3450 aduersarium
506 3385 562 3469 qui
585 3404 668 3450 uoce
692 3387 834 3468 ἔμβαρος
856 3405 938 3450 usus
962 3387 1059 3450 asset

801 3577 989 3752 ..tu

465 3795 574 3859 πότων
596 3818 628 3857 τε
650 3794 704 3858 καὶ
727 3795 852 3877 κώμων
874 3795 1009 3865 ἅπαντες
1031 3795 1166 3877 ἥιόεμεν.

360 3889 456 3970 Quod
477 3889 704 3973 fragmentum
727 3893 782 3955 ‘ex
802 3889 857 3956 Ori
872 3890 992 3956 Milesii
1015 3889 1156 3975 scriptis’
1180 3890 1214 3954 in
1237 3889 1346 3954 lucam
1368 3888 1532 3975 protraxit

252 3987 491 4072 Reitzenstein,
508 3988 577 4054 Ind.
587 3990 681 4056 Rost.
691 3987 812 4074 1890f1
827 3988 888 4073 p.8
900 4008 946 4073 sq.
960 3991 995 4054 et
1019 3986 1217 4054 (ieschichte
1233 3985 1290 4053 der
1306 3986 1532 4070 griechischen

251 4085 481 4172 Etymologica
504 4108 534 4172 p.
550 4085 614 4151 293
639 4085 714 4152 adn.
732 4087 749 4149 1

459 4184 641 4249 Ἦιόεισθα·
665 4223 708 4230 -
731 4222 776 4230 -
798 4184 991 4269 Μένανδρος
1018 4185 1128 4248 Φανίω
1151 4204 1179 4249 θ.
1192 4204 1221 4269 q.
1234 4204 1260 4250 S.

358 4281 409 4347 Ao
438 4281 580 4368 primurn
611 4282 743 4367 quidem
766 4283 894 4366 ἤιόεμεν
918 4302 993 4346 cum
1016 4281 1172 4363 genetiuo
1196 4279 1353 4346 hocloco
1377 4280 1533 4363 coniungi

251 4379 412 4446 memoria
435 4382 487 4445 ast
510 4377 647 4462 dignum
670 4378 710 4447 ci.
733 4377 829 4447 Hom.
856 4378 970 4445 0411
986 4399 1033 4466 sq.

876 4479 913 4548 ὅς
936 4479 977 4561 ῥα
999 4501 1031 4541 τε
1053 4478 1159 4561 πάσης

466 4575 501 4640 εὖ
524 4577 604 4660 sidric
626 4577 742 4660 σοφίης
850 4577 886 4640 et
916 4573 1186 4641 Kfihner-Gerth
1217 4572 1237 4640 l.
1261 4593 1286 4640 S.
1308 4571 1339 4638 ll
1363 4571 1379 4636 1
1413 4593 1444 4659 p.
1467 4571 1531 4639 361

360 4717 380 4788 ²)
400 4717 447 4772 uel
464 4716 587 4789 ἐμβαροτ.
