3442 5130
781 368 1004 424 -22-

254 542 340 615 0οξιο
364 541 505 624 ἀγρόθεν
527 545 547 624 ἢ
572 543 607 605 ἐκ
631 542 757 624 λιμένος
780 545 800 625 ἢ
825 543 861 605 ἐκ
884 543 1010 612 πόλεως
1034 543 1101 623 ἄγει
1125 562 1167 607 00
1189 545 1345 629 corrupta
1372 564 1446 608 esse
1471 542 1534 608 ad-

253 640 357 724 paret.
404 637 531 718 Quibus
563 636 762 704 medicinam
793 638 877 704 lacit
907 637 1091 704 Fridericus
1115 639 1209 705 Marx
1241 661 1316 705 cum
1346 640 1381 704 in
1412 641 1534 707 scholis

254 756 338 823 quas
362 735 403 802 de
425 735 538 802 Plauti
560 734 716 801 Rudente
739 735 845 802 habet
868 736 1079 802 scribendum
1108 759 1181 804 esse
1202 736 1299 805 docet
1322 742 1341 823 ἡ
1364 740 1424 823 μὲν
1449 741 1533 814 δεξιὰ

254 835 402 918 ἀγρόθεν,
418 831 456 922 (ἡ
471 831 699 922 0’ἀριστερά>ἢ
717 837 753 898 ἐκ
769 836 895 918 λιμένος
911 839 930 918 ἢ
947 837 983 899 ἐκ
999 837 1125 907 πόλεως
1141 839 1219 919 ογει;
1240 857 1305 922 000
1321 837 1356 901 in
1371 836 1443 902 1000
1460 858 1536 902 cum

254 952 359 998 unum
378 931 534 1018 quodque
556 930 650 998 colon
667 931 756 1016 quod
775 931 901 998 uocant
925 932 1108 1017 0110000οη
1124 933 1293 1020 inciperet,
1317 933 1472 999 facillime
1493 937 1537 1019 ηδ

254 1055 401 1115 episcopa
422 1029 531 1096 omitti
546 1031 696 1116 potuisse
716 1050 815 1096 nemo
837 1051 905 1095 non
920 1029 1022 1096 uidet.
1056 1031 1125 1096 Nec
1145 1051 1212 1097 non
1228 1035 1407 1118 utrumque
1426 1053 1535 1097 rerum

254 1129 448 1214 scriptorem
471 1127 643 1193 uocabulis
668 1129 754 1202 δεξιά
779 1130 814 1193 00
837 1130 983 1213 ἀριστερά
1008 1127 1160 1194 dextram
1184 1131 1219 1194 00
1241 1128 1375 1195 laeuam
1397 1150 1536 1196 manum

255 1229 491 1314 spectatorum,
508 1247 576 1291 non
591 1226 791 1291 histrionum
812 1226 995 1308 significare
1013 1229 1047 1292 et
1061 1247 1119 1313 per
1136 1249 1172 1292 00
1190 1230 1242 1292 000
1253 1224 1424 1313 probabile
1442 1231 1536 1293 etex

254 1324 335 1410 ipsis
351 1326 504 1389 ueterum
519 1326 695 1410 poetarum
715 1324 941 1390 scaenicorum
958 1324 1119 1410 operibus,
1136 1323 1214 1390 dum
1231 1324 1328 1390 modo
1346 1327 1403 1391 uia
1418 1347 1458 1392 ac
1480 1347 1536 1390 ra-

254 1423 346 1488 tione
363 1422 495 1504 singula
514 1422 617 1488 uerba
635 1422 901 1508 interpretemur,
924 1422 1138 1488 concluditur.
1173 1423 1284 1509 Atque
1301 1443 1366 1510 quo
1387 1423 1483 1489 modo
1501 1423 1536 1488 in

254 1519 368 1585 Plauti
382 1519 566 1602 Rudente1)
590 1541 643 1584 res
664 1541 700 1586 se
716 1520 851 1604 habeat,
875 1518 1059 1586 Fridericus
1075 1521 1170 1586 Marx
1192 1521 1227 1586 in
1251 1519 1376 1589 scholis
1389 1523 1534 1607 exponit.

255 1616 378 1684 Urbem
402 1618 491 1682 enim
514 1619 548 1682 00
570 1619 703 1703 portum
726 1617 761 1682 in
786 1618 934 1702 sodoma
959 1639 1102 1685 scaenae
1133 1618 1239 1685 latere
1271 1640 1345 1685 0000
1376 1620 1458 1684 01000
1483 1617 1536 1683 di-

256 1715 379 1782 scimus
404 1735 447 1781 ex
469 1737 500 1780 u.
517 1714 596 1780 856:

404 1835 406 1840 '
440 1830 531 1896 ‘Iube
554 1829 629 1896 illos
652 1831 688 1896 in
712 1832 827 1898 urbem
850 1833 896 1898 ire
922 1832 1057 1898 obuiam
1079 1832 1114 1897 10
1137 1833 1269 1918 portum
1293 1833 1394 1899 mihi?

256 1947 360 2034 Atqui
383 1947 464 2013 urbs
491 1947 558 2012 sita
581 1950 633 2013 est
656 1947 691 2012 in
717 1969 755 2014 eo
779 1947 885 2014 latere
908 1949 942 2013 in
961 1969 1025 2034 quo
1050 1949 1121 2013 stat
1136 1948 1296 2012 Arcturus
1321 1947 1360 2014 cf.
1377 1970 1408 2014 u.
1425 1947 1467 2012 32
1476 1969 1536 2032 000

440 2063 679 2129 ‘Primumdum
702 2064 811 2147 huic⁸)
837 2085 911 2130 esse
934 2084 1057 2130 nomen
1080 2063 1154 2129 urbi
1177 2062 1329 2150 Diphilus

452 2161 599 2248 Cyrenas
622 2162 746 2246 uoluit3
770 2161 836 2228 illic
858 2162 993 2228 habitat
1015 2162 1214 2228 Daemones'

257 2298 320 2343 nec
343 2298 412 2343 non
434 2277 469 2342 in
494 2278 611 2344 eodem
633 2276 737 2344 latere
762 2278 900 2344 Ueneris
923 2277 1073 2360 fanumq
1099 2277 1298 2364 conspicitur
1320 2299 1351 2342 0.
1368 2276 1424 2342 61;

443 2393 490 2459 ‘ld
512 2393 567 2460 hic
590 2398 642 2460 est
665 2393 803 2460 Ueneris
825 2393 963 2460 fanum?

259 2510 364 2595 Atqui
385 2507 504 2576 fanum
533 2509 686 2576 mulieres
711 2530 797 2595 quae
823 2530 855 2576 u.
876 2510 941 2576 253
964 2509 1000 2574 in
1023 2531 1147 2575 scaena
1169 2513 1357 2592 uersentur,
1387 2508 1431 2574 ad
1458 2507 1538 2573 dex-

259 2609 348 2672 tram
371 2605 510 2673 habent:

443 2723 584 2790 ‘Fanum
607 2722 745 2789 uidesne
768 2720 921 2810 1000000
945 2722 1065 2788 Ubist‘?
1088 2721 1133 2809 00
1155 2722 1208 2788 Ad
1232 2721 1423 2787 dexteram?

261 2838 346 2925 Ergo
370 2837 524 2904 mulieres
548 2839 651 2904 etiam
673 2838 790 2905 urbem
810 2842 1008 2925 portumque
1028 2837 1156 2903 habent
1176 2835 1220 2903 ad
1243 2837 1403 2902 dextram.
1447 2837 1539 2917 Quae

261 2935 416 3002 mulieres
447 2956 522 3000 cum
554 2939 759 3021 spectatores
788 2937 985 3023 adspicient,
1018 2956 1081 3001 nec
1104 2936 1279 3021 quisquam
1311 2937 1441 3000 actores
1465 2955 1540 3000 cum

262 3034 303 3100 de
327 3032 446 3099 dextra
469 3035 504 3099 et
525 3032 626 3099 laeua
649 3032 797 3101 dicerent
823 3055 892 3100 non
916 3032 957 3098 de
980 3034 1126 3119 ipsorum
1160 3033 1218 3099 sed
1242 3033 1282 3099 de
1314 3035 1541 3119 spectatorum

262 3131 417 3197 manibus
433 3132 599 3214 cogitasse
614 3133 722 3218 possit
738 3131 944 3215 argumentis
962 3130 1036 3196 ullis
1053 3130 1258 3214 confirmare,
1275 3131 1392 3196 urbem
1407 3133 1541 3216 portum

262 3230 378 3294 lanum
413 3232 619 3316 spectatores
650 3230 778 3296 habent
813 3229 857 3294 ad
887 3229 1029 3295 laeuam.
1084 3229 1150 3295 Sed
1182 3230 1285 3295 etiam
1319 3227 1387 3294 alia
1420 3229 1541 3314 quibus

262 3326 351 3392 hanc
384 3325 540 3394 Friderici
571 3327 666 3392 Marx
700 3327 910 3413 comprobem
944 3329 1164 3412 sententiam,
1199 3328 1235 3392 in
1269 3330 1426 3414 promptu
1460 3327 1541 3390 sunt

264 3422 429 3511 exempla:
445 3425 482 3490 ln
493 3423 720 3490 Menaechmis
733 3423 875 3490 Plautus
891 3446 946 3491 uu.
963 3425 1028 3490 555
1037 3447 1106 3512 sqq.
1127 3424 1382 3491 Menaechmum
1398 3424 1541 3490 alterum
1592 3485 1600 3496 ,
1705 3479 1706 3486 ,

263 3521 347 3588 haec
369 3521 452 3588 facit
476 3523 655 3589 dicentem:

353 3637 505 3705 ‘Demam
527 3639 616 3704 hanc
639 3659 795 3704 coronam
819 3640 920 3724 atque
945 3638 1087 3704 abiciam
1111 3638 1154 3704 ad
1176 3636 1309 3704 laeuam
1332 3659 1479 3719 manum,

365 3735 429 3801 Ubi
452 3737 481 3801 si
504 3739 686 3822 sequentur
710 3757 773 3820 me,
797 3735 861 3802 hac
885 3737 996 3803 abisse
1021 3739 1189 3802 censeant.

362 3833 422 3899 Ibo
447 3837 481 3900 et
504 3834 702 3900 conueniam
726 3854 857 3899 seruom
881 3835 909 3899 si
932 3836 1046 3921 potero
1070 3838 1202 3901 meum?

373 4021 391 4088 1)
411 4019 604 4076 Romanorum
622 4023 719 4075 autem
736 4020 870 4090 palliatae
889 4021 1052 4092 comoediae
1070 4036 1202 4075 scaenam
1219 4019 1308 4074 fuisse
1327 4019 1446 4075 candem
1459 4035 1543 4090 quam

265 4117 357 4156 nouae
376 4100 539 4155 comoediae
558 4101 683 4155 Graecae
701 4101 771 4155 satis
789 4103 834 4155 000
852 4103 1081 4156 consentaneum.

373 4181 391 4250 q
411 4180 440 4235 10
456 4182 532 4252 0000
551 4181 637 4235 etiam
656 4181 788 4235 Albertus
806 4180 905 4236 Miller
922 4180 1023 4234 Philol.
1043 4181 1085 4245 59,
1098 4179 1168 4235 1900
1186 4197 1211 4251 p.
1224 4179 1308 4251 9000.
1328 4179 1466 4250 probauit,
1497 4179 1543 4250 qui

265 4263 363 4316 tamen
382 4260 417 4315 de
435 4261 567 4316 Rudente
585 4264 752 4331 argumenta
770 4277 827 4316 non
846 4261 964 4332 protulit
981 4276 1008 4330 p.
1023 4260 1064 4315 15.

374 4342 393 4409 ³)
412 4341 553 4396 uocabulo
572 4339 635 4395 ‘hio’
655 4358 718 4395 eam
737 4357 857 4395 scaenae
876 4343 993 4412 partem,
1022 4341 1051 4395 in
1070 4355 1126 4411 qua
1148 4341 1173 4394 is
1196 4340 1243 4411 qui
1267 4340 1391 4410 loquitur
1415 4342 1544 4393 uersatur

266 4421 393 4488 indicari,
413 4421 531 4476 alteram
550 4422 690 4476 uocabulo
708 4419 773 4475 ‘ille'
792 4437 874 4476 nemo
893 4420 993 4475 nescit.

373 4501 392 4571 ⁴)
413 4500 494 4570 Quod
513 4501 600 4572 Soph.
619 4501 660 4556 Ill.
674 4501 740 4572 700.
758 4501 841 4555 aliter
859 4517 903 4555 res
922 4517 954 4554 se
972 4502 1065 4566 habet,
1091 4501 1127 4555 ad
1147 4502 1222 4554 hunc
1246 4500 1340 4554 locum
1358 4499 1544 4568 interpretan-

267 4582 334 4637 dum
352 4582 422 4637 nihil
440 4583 535 4637 ualere
555 4597 710 4652 cognosces
734 4598 769 4636 ex
787 4581 836 4647 010,
865 4597 937 4652 quae
957 4581 1056 4636 Kaibel
1074 4578 1252 4650 ‘Sophoklcs’
1270 4577 1393 4633 Elektra'
1412 4594 1438 4648 p.
1457 4579 1543 4648 6800.

268 4661 371 4718 docuit.
