3442 5130
698 345 921 412 ..35-

169 527 287 613 Itaque
312 547 353 592 ex
368 525 432 592 hac
448 525 608 591 memoria
623 545 709 611 quae
726 523 831 589 multo
849 523 894 590 sit
909 523 1053 590 deterior
1069 544 1170 611 quam
1187 526 1327 607 cartae1)
1344 523 1450 590 ullum

170 626 239 711 peti
261 644 360 710 posse
384 626 626 706 argumentum,
651 643 715 708 quo
740 625 865 688 autea
889 642 975 708 quae
1000 624 1093 688 carta
1117 622 1240 690 tradita
1254 624 1345 705 sunt,
1370 621 1450 687 dum

169 722 268 788 modo
285 724 401 808 aptum
418 721 603 807 praebeant
617 741 756 786 sensum
772 740 811 786 ao
828 719 914 784 salui
930 720 999 785 sint
1015 721 1145 786 numeri
1160 740 1328 800 uersuum,
1353 720 1451 786 corri-

171 820 280 904 genda
310 840 383 885 esse
415 822 476 884 aut
505 839 640 884 uersum
664 819 831 903 quendam
854 817 1091 900 intercidisset
1117 818 1292 884 euincatur
1315 819 1449 883 omnino

171 917 371 1000 negauerim.
410 917 453 981 Et
475 917 633 1004 praebere
651 916 775 981 bonum
791 936 926 981 sensum
944 936 1007 981 nec
1022 914 1173 982 difficilia
1189 936 1263 981 esse
1278 915 1451 980 intellectu

170 1037 213 1082 ea
228 1035 314 1102 quae
330 1016 365 1080 in
383 1016 476 1080 carta
488 1015 611 1100 scripta
624 1012 776 1079 uidemus
789 1014 917 1096 egregie
931 1013 1078 1079 ostendit
1089 1013 1202 1079 Kauer
1216 1013 1236 1082 l
1250 1035 1274 1081 a
1286 1036 1317 1100 p.
1329 1013 1450 1099 210sq.

170 1113 286 1201 Neque
304 1113 392 1178 enim
408 1112 588 1198 quidquam
606 1113 674 1194 egit
684 1133 753 1178 van
765 1110 934 1178 Leeuwen
950 1133 1035 1196 cum,
1052 1115 1092 1177 ut
1108 1113 1332 1178 coniecturam
1344 1132 1452 1196 suam,

172 1211 212 1277 de
237 1232 304 1297 qua
326 1211 398 1296 ipse
421 1211 594 1276 ‘audacius
619 1213 721 1293 sane',
746 1210 865 1295 inquit,
889 1209 1022 1276 ‘refinxi
1037 1209 1168 1276 litteras
1184 1211 1336 1276 traditas’
1362 1231 1451 1276 com-

172 1309 354 1391 mendaret,
379 1307 522 1394 scripsit:
546 1307 662 1373 ‘uerba
685 1310 769 1392 ἄνθη
794 1315 928 1374 τοσαῦτα
953 1307 1118 1393 quomedo
1140 1309 1176 1372 in
1203 1308 1291 1374 hanc
1314 1311 1451 1374 senten-

172 1409 254 1473 tiam
286 1406 447 1492 quadrare
478 1405 610 1492 possint
640 1426 708 1471 non
738 1405 855 1471 uideo?
902 1406 988 1470 Nam
1020 1406 1143 1491 optime
1175 1405 1342 1492 quadrant
1366 1406 1453 1472 ,haec

172 1506 284 1570 uerba.
330 1503 514 1569 Enumerat
544 1503 633 1568 enim
657 1525 773 1571 seruus
797 1504 862 1568 tria
884 1503 1074 1590 plantarum
1099 1523 1231 1588 genera,
1264 1525 1350 1588 quae
1375 1523 1454 1587 ager

173 1605 213 1680 ut
245 1605 290 1667 sit
319 1601 587 1684 religiosissimus
619 1601 716 1684 ierat,
748 1601 952 1688 myrrhinam
983 1602 1141 1667 hederam
1171 1601 1282 1684 flores,
1315 1623 1354 1668 ae
1378 1623 1452 1668 curn

172 1703 258 1784 ἄνθη
282 1707 417 1766 τοσαῦτα
448 1701 512 1764 ‘tot
541 1698 652 1765 flores'
685 1700 772 1782 dicit,
805 1701 938 1782 gestum
968 1699 1113 1786 aliquem
1144 1701 1215 1782 agit
1245 1702 1280 1765 et
1306 1698 1453 1766 fortasse

174 1799 313 1881 digitum
336 1796 482 1862 intendit
504 1795 547 1862 ad
571 1818 730 1879 magnum
749 1796 831 1862 illud
846 1797 968 1862 florum
983 1797 1114 1882 pondus
1132 1795 1220 1883 quod
1236 1797 1320 1864 alter
1336 1818 1454 1864 seruus

174 1897 331 1983 adportat
354 1894 393 1960 ci.
417 1916 449 1960 u.
472 1893 524 1960 40.
572 1899 683 1981 Atque
705 1915 823 1961 uocem
845 1902 997 1966 τοσοῦτος
1019 1895 1187 1960 interdum
1212 1896 1275 1960 dici
1297 1917 1355 1982 pro
1379 1898 1453 1961 ‘tot'

175 2014 250 2059 cum
283 2015 324 2059 ex
348 1992 422 2058 aliis
445 1995 519 2058 tum
543 2014 584 2058 ex
606 1993 698 2058 hisce
721 1992 926 2074 intellegitur
949 1992 1041 2058 locis:
1076 1992 1158 2059 Xen.
1184 1993 1297 2080 Oyrop.
1322 1993 1352 2078 6,
1367 1993 1397 2074 3,
1411 1994 1454 2060 22

175 2094 229 2156 καὶ
253 2093 414 2175 δοκοῦμέν
436 2115 486 2155 σοι
509 2094 582 2174 ἔφη,
606 2091 634 2156 ὦ
657 2092 756 2174 Κῦρε,
780 2095 898 2162 ἱκανῶς
921 2093 1000 2167 ἕξειν
1023 2093 1066 2162 εἷς
1087 2094 1258 2163 τοσούτους
1276 2095 1456 2176 τεταγμένοι

174 2191 256 2272 πρὸς
286 2192 371 2254 οὕτω
402 2191 537 2272 βαθεῖαν
568 2191 732 2273 φάλαγγα·
762 2188 882 2256 Herod.
906 2187 951 2254 IV
969 2188 1032 2254 192
1065 2209 1115 2253 ex.
1145 2197 1291 2255 τοσαῦτα·
1307 2192 1367 2274 μέν
1397 2215 1455 2254 νον

174 2290 273 2372 θηρία
297 2291 316 2371 ἡ
340 2293 404 2351 τῶν
427 2287 581 2369 νομάδων
597 2287 731 2371 Λιβύων
747 2295 787 2372 γῆ
810 2291 881 2371 ἔχει.
919 2287 1003 2352 Nou.
1019 2286 1109 2352 Test.
1125 2285 1244 2352 Matth.
1262 2288 1314 2372 15,
1328 2287 1370 2352 33
1384 2308 1454 2374 sqq.

174 2388 229 2450 καὶ
251 2386 394 2467 λέγουσιν
417 2387 515 2448 αὐτῶι
540 2387 570 2448 οῑ
591 2386 749 2468 μαθηταί·
773 2388 875 2450 πόθεν
898 2388 975 2469 ἡμῖν
998 2387 1031 2449 ἒν
1055 2387 1182 2469 ε’ρημιάι
1204 2388 1293 2468 ἄρτοι
1311 2393 1455 2451 τοσοῦτοι

165 2486 256 2548 ’ὥστε
287 2483 438 2566 χορτάσαι
470 2483 566 2565 ὄχλον
595 2490 763 2560 τοσοῦτον,·
793 2485 847 2547 καλ
876 2485 956 2566 λέγει
990 2485 1096 2554 αὐτοῖς
1126 2483 1303 2566 ὁἸησοῦς·
1334 2485 1455 2555 πόσους

175 2584 292 2664 ἄρτους
319 2583 418 2664 ἔχετο·
450 2583 481 2645 οἱ
511 2581 546 2645 δὲ
576 2580 680 2645 εἶπον·
704 2582 789 2646 ἑπτά.
837 2581 907 2661 Quo
931 2579 1029 2646 modo
1054 2581 1168 2646 autem
1191 2601 1232 2646 ea
1255 2601 1341 2668 quae
1365 2581 1456 2667 apud

176 2677 359 2744 Stobaeum
382 2677 538 2762 legantur
561 2681 635 2743 orta
658 2676 727 2743 sint
750 2698 767 2742 e
791 2678 943 2760 genuinis
967 2677 1141 2743 Menandri
1165 2679 1285 2762 uerbis,
1316 2678 1380 2745 hoo
1404 2679 1455 2744 di-

175 2775 322 2841 iudicare
347 2773 579 2841 difficillimum
603 2796 677 2840 esse
694 2775 815 2840 Kaibel
838 2775 980 2841 adnotat
1002 2797 1032 2862 p.
1052 2777 1114 2842 156
1131 2774 1206 2843 adn.
1222 2777 1243 2842 7
1260 2797 1309 2843 ex.
1344 2775 1456 2842 Unum

176 2876 291 2939 tamen
306 2873 450 2938 fortasse
473 2876 562 2939 recte
586 2873 837 2960 suspicabimur.
872 2875 932 2938 ὅσα
948 2876 1037 2946 θεοῖς
1053 2876 1137 2958 ἄνθη
1154 2875 1235 2939 καλὰ
1253 2875 1351 2957 enim,
1369 2895 1455 2961 quae

175 2971 282 3037 uerba
297 2971 387 3057 apud
402 2970 563 3036 Ioannem
582 2993 613 3036 u.
630 2973 650 3035 2
667 2975 749 3037 sunt
763 2969 898 3056 tradita,
917 2992 992 3036 cum
1008 2972 1217 3055 grammatici
1232 2973 1338 3056 magis
1355 2992 1457 3057 quam

178 3067 353 3134 Menandri
364 3067 538 3133 redoleant
551 3068 739 3150 dictionem,
758 3090 800 3134 ex
812 3067 936 3134 scholio
949 3068 1004 3134 uel
1015 3070 1288 3150 interpretatione
1301 3069 1457 3136 uidentur

178 3167 338 3248 originem
361 3164 494 3250 dueere;
524 3186 625 3250 quam
647 3167 957 3252 interpretationem
981 3165 1024 3232 ad
1045 3169 1212 3252 μυῤῥίνην,
1235 3169 1346 3243 κιττόν,
1370 3170 1455 3252 ἄνθη

178 3272 313 3329 τοσαῦτα
337 3263 473 3349 quidam
503 3261 736 3348 adsumpserat,
765 3267 804 3329 ut
826 3285 884 3330 cur
906 3263 1078 3347 religiosus
1102 3285 1179 3349 ager
1200 3267 1377 3331 uocaretur
1397 3287 1457 3331 ex-

179 3360 341 3448 planaret,
374 3361 498 3427 scilicet
525 3364 701 3448 propterea
723 3360 812 3447 quod
835 3383 893 3428 eas
917 3363 1126 3448 potissimum
1151 3360 1300 3446 gigneret
1322 3362 1457 3449 plantas

181 3479 266 3545 quae
304 3457 353 3523 dis
390 3464 504 3524 essent
539 3459 748 3541 gratissimae
780 3459 819 3525 cf.
852 3459 1007 3525 Achaeus
1037 3459 1074 3527 ir.
1099 3461 1164 3543 2,2
1195 3459 1314 3526 Nauck
1344 3459 1458 3526 TGFl

179 3578 208 3642 p.
226 3555 291 3622 746
314 3557 455 3627 θαλλούς
476 3581 508 3620 τε
530 3559 619 3622 θεῶν
642 3559 744 3640 γέρας.
782 3557 900 3643 ltaque
915 3557 1068 3624 Britanni
1092 3560 1126 3624 et
1141 3557 1300 3624 Daiatzko
1325 3559 1458 3624 sirecte

179 3653 396 3719 offenderunt
411 3655 445 3719 in
460 3653 623 3719 ΚΑΛΟΝ
633 3676 664 3719 u.
682 3654 734 3737 36,
759 3654 792 3719 id
808 3653 897 3740 quod
914 3677 995 3722 sane
1012 3655 1232 3722 demonstrari
1247 3657 1373 3742 nequit,
1390 3677 1459 3722 non

181 3750 350 3817 debebant
361 3753 635 3838 interpretatione
648 3753 698 3818 uti
715 3753 756 3818 ad
770 3753 979 3819 restituenda
990 3755 1110 3839 poetae
1126 3754 1231 3820 uerba
1247 3775 1308 3820 nec
1323 3774 1459 3819 uersum

180 4009 262 4063 hardi
280 4009 298 4064 l.
311 4025 333 4062 s.
346 4025 372 4078 p.
385 4007 439 4062 286
452 4009 464 4062 l
481 4007 553 4063 ‘Vox
565 4009 683 4079 plurium
696 4009 869 4081 syllabarum
881 4014 947 4081 post
959 4010 1077 4080 primam
1089 4010 1136 4064 uel
1149 4009 1302 4065 secundam
1314 4010 1461 4080 anapaesti

181 4089 319 4159 syllabam
337 4088 482 4143 terminari
500 4090 599 4159 nequit
618 4090 648 4143 in
666 4090 751 4144 tertio
771 4093 822 4144 aut
840 4091 938 4161 quinto
951 4090 1070 4145 trimetri
1082 4088 1172 4160 pede.²
1202 4089 1275 4144 Nam
1287 4091 1462 4145 sescentiens

181 4169 227 4224 uel
245 4168 274 4222 in
293 4168 406 4239 optimis
424 4168 566 4223 codicibus
585 4168 696 4238 singula
714 4170 801 4224 uerba
818 4172 1050 4225 transmutantur.

289 4248 308 4317 ¹)
328 4247 356 4301 id
376 4249 452 4319 quod
470 4264 506 4302 ne
525 4249 625 4303 Kaibel
644 4248 757 4319 quidem
775 4250 871 4305 admi
889 4267 916 4320 p.
931 4249 1033 4321 155sq.
1052 4253 1148 4319 negat,
1169 4249 1216 4321 qui
1234 4251 1332 4304 tamen
1351 4250 1380 4304 in
1398 4249 1462 4304 reli·

182 4328 243 4399 quis
261 4329 417 4382 tractandis
436 4328 578 4383 contraria
594 4328 684 4383 utitur
701 4329 819 4383 ratione.

288 4409 308 4476 ¹)
326 4407 385 4462 Nec
404 4408 523 4464 multum
541 4409 579 4462 ad
598 4409 672 4463 hanc
690 4425 749 4463 rem
767 4408 846 4463 ualet
857 4409 1035 4479 Alciphronis
1054 4425 1138 4481 quem
1150 4409 1248 4463 Kaibel
1265 4409 1370 4464 adtulit
1381 4409 1462 4464 locus

183 4504 227 4558 ep.
239 4487 277 4541 lll
288 4488 322 4541 16
340 4505 366 4559 p.
380 4488 415 4542 73
433 4487 534 4542 Herch.
560 4486 648 4559 ἔφερες
671 4491 705 4540 ἂν
727 4489 782 4545 τοῖς
806 4490 881 4545 θεοῖο
902 4487 992 4541 κιττὸν
1015 4492 1060 4541 καὶ
1089 4484 1190 4556 δάφνας
1210 4491 1256 4540 ml
1273 4488 1399 4559 μυρρίνας
1416 4491 1462 4540 καὶ

180 4567 255 4632 ἄνθη
273 4565 324 4620 ἄτα
342 4565 467 4637 ιᾶγιιαιρα
486 4585 509 4624 e.
520 4585 547 4639 q.
557 4584 579 4624 s.
608 4583 662 4639 quo
681 4569 743 4624 loco
762 4569 1022 4640 epistolographum
1040 4570 1093 4624 hos
1111 4570 1189 4639 ipsos
1201 4569 1346 4623 Menandri
1364 4583 1463 4624 uersus

184 4663 247 4701 esse
265 4649 406 4702 imitatum
426 4649 614 4702 demonstrari
633 4649 739 4719 nequit.

1248 4735 1283 4791 3.
