3448 5134
760 302 1004 368 -120-

242 479 467 574 iragmentum
498 481 688 565 comparato
721 479 897 546 Menandri
923 478 961 544 ir.
978 480 1043 546 867
1055 479 1095 547 Κ.
1119 479 1201 546 oAn
1223 479 1268 546 HI
1290 501 1320 567 p.
1337 481 1402 547 230
1432 483 1522 569 apud

243 578 406 644 Zonaram
428 599 458 664 p.
478 577 559 643 1521
586 578 679 643 etin
703 577 811 665 Etym.
835 578 945 660 Magn.
968 600 999 665 p.
1015 577 1089 661 652,
1101 578 1144 643 23
1169 579 1216 644 sic
1237 578 1374 644 tradito:

501 678 716 759 παραιτοῦμαί
737 701 771 741 σε
795 678 988 760 συγγνώμην
1012 679 1100 760 ἔχειν.

241 774 313 838 Iam
336 772 552 839 scholiastam
567 771 741 838 Menandri
765 773 871 838 uerba
893 793 961 839 non
984 774 1115 856 integra
1138 793 1292 839 seruasse
1307 775 1412 859 patet,
1437 795 1521 860 quo-

241 871 334 936 niam
363 871 492 936 numeri
525 891 594 936 non
624 872 706 936 sunt
735 871 864 954 integri.
911 870 1019 951 Quare
1051 891 1093 935 ex
1123 870 1171 935 eis
1202 891 1288 956 quae
1311 871 1366 936 ille
1390 872 1521 958 scripsit

240 989 367 1034 nouum
390 968 563 1034 Menandri
592 966 819 1051 fragmentum
851 969 983 1034 restitui
1013 988 1112 1054 posse
1136 988 1205 1033 non
1228 966 1428 1051 crediderim,
1461 968 1519 1035 sed

242 1065 458 1132 scholiastam
489 1087 531 1132 ex
561 1065 678 1131 eodem
709 1067 803 1132 fonte
835 1067 936 1151 atque
959 1065 1123 1132 Zonaram
1154 1065 1211 1152 qui
1239 1065 1358 1132 dicitur
1381 1069 1415 1132 et
1438 1065 1520 1154 nty-

240 1162 392 1246 mologici
414 1163 526 1246 Magni
550 1165 721 1229 auctorem
744 1163 901 1229 hausisse
925 1164 1111 1229 statuerim.

346 1260 474 1326 Deinde
498 1259 587 1348 quod
609 1259 698 1326 idem
720 1261 739 1326 l.
756 1282 781 1326 s
797 1283 827 1347 p.
847 1260 910 1326 194
932 1260 1132 1326 Fridericum
1153 1259 1296 1347 Sylburg
1319 1263 1454 1326 secutus
1478 1282 1520 1327 ex

241 1359 289 1424 eis
319 1379 406 1444 quae
436 1357 545 1445 ntym.
574 1357 684 1441 Magn.
715 1381 745 1445 p.
761 1357 837 1441 407,
853 1358 895 1423 23
926 1356 1104 1424 traduntur
1135 1359 1299 1442 Ζάκορος·
1330 1359 1517 1442 Νεωκόρος,

240 1459 340 1540 ἤγουν
363 1459 383 1540 ἡ
408 1458 599 1521 emunctae
629 1459 701 1538 περὶ
722 1457 758 1521 τὸ
782 1457 874 1540 ἱερόν·
897 1457 1107 1538 Μένανδρος·
1138 1457 1286 1540 Ζόκορος
1308 1459 1328 1540 ἡ
1352 1465 1518 1539 κοσμοῦσα

239 1555 294 1618 τὸν
324 1555 411 1628 ναόν,
441 1557 566 1619 τέκνον·
597 1556 651 1618 καὶ
681 1556 700 1618 ὁ
730 1556 905 1637 ὑπηρέτης·
937 1554 1127 1620 Λευκαδίαν
1158 1554 1312 1626 “Ἐπίῦες
1340 1555 1376 1620 τὸ
1406 1561 1470 1638 πῦρ
1498 1557 1518 1637 ἦ

241 1653 388 1736 ζάκορος,
421 1653 537 1717 οὑτωσὶ
559 1653 692 1723 nata&
725 1652 773 1732 (cf.
796 1650 835 1718 fr.
852 1651 915 1716 311
932 1649 971 1716 Κ.
995 1649 1076 1717 GAF
1100 1651 1144 1717 ΠΙ
1165 1673 1195 1738 p.
1212 1652 1264 1735 89)
1292 1656 1312 1736 ἢ
1337 1654 1355 1716 ὁ
1378 1653 1520 1733 ῖερυὺςὸ

239 1750 294 1813 τὸν
324 1749 402 1814 ναὸν
432 1755 566 1833 κοσμῶν
595 1750 649 1814 καὶ
680 1756 790 1832 οαρῶν
821 1748 885 1815 hoc
915 1747 1089 1814 Menandri
1118 1749 1343 1832 fragmentum
1371 1749 1519 1815 restituit

241 1844 309 1936 ‘<i>
332 1847 471 1930 ζάκορος
493 1850 513 1931 ἡ
537 1853 703 1931 κοσμοῦσα
726 1847 782 1912 τὸν
804 1848 891 1922 ναόν,
921 1849 1063 1912 τέκνον’;
1096 1847 1179 1912 satis
1211 1848 1264 1912 cst
1294 1844 1445 1929 delegare
1476 1847 1520 1912 ad

239 1944 430 2028 Augustum
446 1941 610 2028 Meineke,
626 1940 714 2012 Men.
731 1947 766 2010 et
780 1943 917 2011 Philam.
933 1943 1000 2010 rell.
1016 1965 1046 2030 p.
1062 1943 1124 2010 106
1137 1966 1197 2030 sq.:
1221 1947 1348 2010 ‘uereor
1364 1943 1517 2030 equidem

239 2061 282 2106 ne
305 2041 369 2107 hoc
391 2061 461 2107 non
475 2040 649 2108 Menandri
673 2040 731 2108 sed
748 2039 966 2108 Grammatici
988 2042 1094 2107 uerba
1118 2043 1193 2107 sint.
1228 2040 1314 2121 Quid
1329 2041 1417 2107 enim
1434 2062 1518 2128 opus

241 2141 320 2221 erat
350 2141 390 2204 ut
419 2145 476 2204 τῶι
499 2141 639 2223 ζάκορος
661 2138 891 2205 subicerentur
914 2138 1018 2205 uerba
1042 2137 1265 2206 Grammatico
1295 2159 1396 2225 quam
1417 2141 1519 2224 poeta

240 2234 389 2319 digniora
411 2238 431 2319 ἡ
454 2243 622 2320 κοσμοῦσα
637 2237 692 2301 τὸν
706 2237 808 2301 vado?
848 2236 913 2302 Sed
928 2239 1021 2302 totus
1038 2235 1257 2324 Etymologici
1271 2236 1365 2302 locus
1380 2235 1517 2302 mirifice

239 2332 395 2399 turbatus
420 2335 481 2416 est,
505 2334 561 2420 qui
584 2334 662 2399 uide
688 2353 732 2399 an
748 2334 798 2399 ita
813 2332 857 2399 ad
873 2334 1038 2400 saniorem
1054 2335 1218 2400 rationem
1234 2334 1382 2401 reuocari
1397 2333 1517 2420 possit:

240 2432 399 2515 Ζάκορος,
415 2433 586 2516 νεωκόρος,
603 2435 702 2516 ἤγουν
719 2434 738 2515 ἡ
755 2439 922 2515 κοσμοῦσα
936 2432 992 2496 τὸν
1006 2434 1094 2498 ναόν.
1123 2433 1314 2516 Μένανδρος
1329 2432 1517 2497 Λευκαδίαν·

234 2529 363 2600 Ἐπίθες
384 2529 420 2594 τὸ
443 2536 509 2614 πῦρ
531 2532 551 2613 ἡ
576 2531 715 2612 ζάκορος
738 2532 855 2595 οὑτωσὶ
878 2531 993 2602 καλῶς.
1039 2532 1093 2595 καὶ
1116 2533 1135 2595 ὁ
1157 2533 1317 2614 ὑπηρέτης
1339 2534 1359 2614 ἢ
1384 2529 1519 2612 diseede

240 2629 259 2691 d
281 2627 335 2692 τὸν
357 2627 435 2691 ναὸν
458 2634 591 2712 κοσμῶν
614 2631 780 2712 daupein?
