3442 5130
807 341 1029 408 ..52-

281 517 479 604 comprobet
510 518 580 584 Nec
595 518 703 585 multa
719 521 800 584 sunt
815 517 1018 586 adnotanda.
1049 521 1098 586 Ae
1114 520 1322 606 paupertatis
1332 522 1355 604 q
1378 519 1564 588 Menander

279 615 370 683 haud
404 637 478 683 raro
513 615 593 682 iecit
627 618 831 683 mentionem
867 620 902 682 et
934 617 1127 704 plerumque
1159 617 1209 685 ita
1242 618 1386 704 quidem,
1425 621 1464 684 ut
1496 619 1562 704 ipsi

279 713 430 780 homines
453 735 617 800 pauperes
641 717 724 800 quot
746 716 781 780 et
803 713 940 801 quantis
964 717 1201 782 excerceantur
1223 715 1457 802 iniquitatibus
1481 737 1561 782 con-

279 814 473 897 querantur:

277 908 315 975 fr.
333 911 354 974 4
369 909 408 976 K.
433 908 514 975 OAF
529 909 573 974 MI
595 931 625 995 p.
642 910 663 976 4
780 913 874 994 ἔργον
897 913 1000 994 εὑρεῖν
1023 919 1158 995 συγγενῆ

492 1009 626 1092 πένητές
648 1010 743 1073 ἔστιν·
761 1010 837 1073 οὐδὲ
859 1010 903 1080 είς
926 1009 986 1092 γάρ
1009 1010 1162 1092 ὁμολογεῖ

491 1107 590 1170 αὐτῶι
611 1108 784 1190 προσήκειν
805 1106 861 1170 τὸν
883 1108 1038 1190 βοηθείας
1059 1107 1143 1178 τινδς

493 1205 661 1287 δεόμενον·
678 1206 829 1269 αἰτεῖσθαι
852 1205 914 1289 γάρ
937 1207 1003 1288 ἅμα
1027 1230 1054 1268 τι
1076 1207 1263 1288 προσδοκάι.

277 1300 315 1367 fr.
333 1301 353 1368 6
368 1299 407 1366 K.
431 1299 512 1366 CAF
527 1302 571 1366 III
593 1303 660 1388 p.5
683 1303 766 1385 πρὸς
788 1305 911 1367 ἅπαντα
935 1303 1037 1367 δειλὸν
1060 1304 1078 1368 ὁ
1101 1305 1199 1387 πένης
1222 1305 1284 1368 ἔστί
1308 1304 1367 1387 γάρ

686 1401 740 1464 καὶ
761 1401 881 1471 πάντας
903 1403 1001 1465 αὑτοῦ
1025 1409 1234 1484 καταφρονεῖν
1256 1403 1483 1485 ὑπολαμβάνει.

277 1496 316 1564 fr.
332 1497 398 1562 404
413 1497 452 1563 K.
476 1496 558 1563 OAF
572 1497 616 1562 III
635 1519 666 1584 p.
683 1498 745 1562 117
771 1497 800 1563 ὦ
823 1500 888 1582 τρίς
919 1501 1129 1583 κακοδαίμων
1160 1500 1242 1570 ὅστις
1273 1502 1321 1563 ὢν
1347 1502 1445 1583 πένης
1467 1508 1565 1584 γαμεῖ

772 1598 826 1661 καί
848 1597 1070 1662 παιδοποιεῖθ’.
1095 1617 1121 1663 e.
1138 1618 1166 1682 q.
1184 1618 1208 1664 S.

277 1692 315 1759 fr.
331 1692 397 1760 405
414 1693 453 1758 Κ.
476 1691 557 1759 GAF
572 1693 616 1758 Ill
638 1715 667 1779 p.
685 1692 750 1757 118
774 1695 856 1766 ὅστις
879 1698 976 1778 πένης
999 1698 1047 1759 ὢν
1070 1698 1127 1779 ζῆν
1150 1697 1184 1760 ἐν
1207 1698 1290 1759 ἄστει
1312 1697 1464 1779 βούλεται,
1595 1761 1597 1767 ,

764 1794 966 1876 ἀθυμότερον
989 1793 1101 1858 ἑαυτὸν
1124 1795 1276 1876 ἐπιθυμεῖ
1293 1801 1390 1858 ποεῖν.

763 1891 838 1956 ὅταν
862 1892 922 1975 γὰρ
946 1893 990 1962 εἰς
1011 1900 1183 1974 τρυφῶντα
1205 1892 1260 1955 καὶ
1282 1892 1399 1974 σχολήν
1422 1893 1508 1974 ἄγειν

763 1989 943 2071 δυνάμενον
966 1989 1132 2072 ἕμβλέψηι,
1155 1990 1222 2053 τότ’
1246 1989 1343 2054 αὐτὸν
1366 1992 1432 2054 ἔστ’
1457 1991 1542 2065 ἰδεῖν,
1657 2043 1660 2048 .

762 2088 809 2157 ῶς
831 2089 943 2150 ἄθλιον
968 2089 1018 2170 ζήι
1040 2088 1094 2150 καί
1116 2088 1316 2170 ταλαίπωρον
1339 2089 1417 2171 βίον.

277 2181 315 2248 ir.
333 2184 397 2250 597
413 2182 453 2249 K.
478 2181 559 2248 OAF
574 2182 618 2248 ΙΠ
640 2203 670 2269 p.
690 2182 760 2248 181.
791 2187 925 2268 πένητος
949 2186 1047 2249 οὐθέν
1071 2187 1132 2248 ἐστι
1156 2185 1423 2268 δυστυχέστερον·

789 2283 911 2346 ἅπαντα
933 2283 1055 2365 μοχθεῖ
1073 2284 1252 2364 κάγρυπνεῖ
1270 2284 1467 2366 κάργάζεται,

788 2382 830 2444 ἵν’
855 2380 949 2450 ἄλλος
972 2381 1078 2444 ἐλθὼν
1099 2381 1281 2464 μεταίάβηι.

276 2476 314 2542 fr.
332 2476 398 2542 810
413 2476 452 2542 K.
478 2474 559 2541 CAF
575 2476 619 2541 III
633 2498 663 2562 p.
680 2476 746 2541 220
792 2478 1021 2560 αἰσχυνόμενος
1036 2481 1175 2561 αἴσχιστα
1190 2481 1301 2542 πενίαν
1317 2481 1356 2542 ἂν
1371 2481 1488 2563 φέροις.

276 2574 346 2640 Νεο
370 2573 458 2660 quod
489 2576 559 2639 tam
591 2595 691 2661 saepe
718 2572 900 2639 Menander
931 2573 970 2640 de
1003 2575 1124 2641 ciuium
1153 2575 1311 2661 pauperie
1342 2578 1377 2641 et
1403 2578 1557 2659 egestate

277 2672 379 2738 uerba
415 2671 497 2737 facit
530 2672 719 2737 mirandum
753 2674 813 2738 est.
870 2671 931 2736 Illa
962 2673 1051 2738 enim
1081 2675 1195 2738 aetate
1225 2672 1449 2740 Athenienses
1481 2694 1557 2740 cum

169 2815 173 2825 ι
278 2772 393 2837 essent
414 2768 570 2835 libertate
594 2770 726 2856 priuati,
751 2790 827 2834 oum
850 2769 972 2853 singuli
994 2769 1141 2856 plerique
1161 2771 1250 2836 ciues
1267 2774 1341 2836 tum
1355 2792 1407 2837 res
1424 2770 1559 2857 publica

276 2870 369 2935 uitae
408 2866 656 2934 condicionibus
693 2867 877 2934 utebantur
915 2867 1020 2932 multo
1060 2867 1277 2934 deterioribus
1316 2889 1415 2950 quam
1453 2871 1558 2936 antea

276 2987 435 3052 unquam,
460 2965 498 3030 ci.
514 2963 787 3031 Bir'chsensohiitz
803 2965 822 3032 l.
839 2987 863 3031 s.
883 2987 913 3051 p.
927 2965 992 3032 609
1005 2986 1073 3051 sqq.
1106 2966 1222 3051 Itaque
1238 2965 1276 3032 ir.
1289 2967 1354 3032 282
1364 2966 1403 3034 Κ.
1420 2966 1501 3034 OAF
1512 2967 1557 3032 III

275 3065 366 3151 1180
492 3065 527 3129 τὸ
543 3065 743 3148 κουφότατόν
766 3089 800 3129 σε
822 3071 887 3129 τῶν
909 3071 1021 3128 κακῶν
1043 3066 1173 3129 πάντων
1196 3066 1312 3139 δάκνει,

488 3166 595 3227 πενία·
610 3165 639 3226 τί
660 3164 721 3246 γὰρ
744 3166 832 3227 τοῦτ’
856 3165 952 3239 ierim
976 3161 1014 3245 ἧς
1037 3165 1151 3244 γένοιτ’
1175 3165 1214 3226 ἂν
1237 3164 1281 3233 είς

489 3262 580 3344 φίλος
602 3262 771 3344 βοηθήσας
794 3261 901 3344 ἰατρὸς
924 3261 1056 3344 ῥαιδίως

277 3356 458 3424 Menander
488 3377 556 3423 non
588 3355 671 3422 dixit
701 3358 751 3423 ita
780 3360 820 3422 ut
851 3357 969 3443 aliquis
1001 3357 1238 3443 adpellaretur‚
1274 3359 1368 3423 cuius
1404 3356 1556 3443 exemplo

276 3459 378 3541 poeta
405 3476 507 3541 quam
529 3457 626 3541 turpe
658 3458 750 3520 esset
780 3454 823 3520 ab
855 3455 969 3521 amicis
1000 3455 1128 3521 uictum
1158 3454 1378 3522 cottidianum
1408 3455 1556 3541 accipere

277 3553 530 3636 demonstraret,
570 3551 628 3618 sed
666 3573 875 3618 communem
915 3554 1063 3619 omnium
1100 3553 1168 3618 fere
1199 3552 1322 3619 ciuium
1353 3553 1554 3640 expressisse

275 3650 410 3717 uidetur
433 3651 629 3737 opinionem.
676 3649 761 3716 Nam
793 3651 987 3737 impetrauit
1017 3651 1089 3716 eius
1118 3650 1324 3737 temporibus
1348 3673 1369 3716 a
1392 3671 1428 3716 se
1450 3649 1557 3715 libera

276 3749 445 3835 quondam
469 3751 549 3814 tuno
573 3768 672 3814 serua
687 3747 944 3814 Atheniensium
970 3748 1099 3830 ciuitaa
1124 3750 1163 3813 ut
1179 3749 1275 3835 quasi
1291 3749 1411 3836 stipem
1426 3748 1556 3834 peteret

276 3847 319 3911 ab
343 3846 512 3928 Antigono
537 3844 576 3912 cf.
599 3845 692 3912 Diod.
712 3845 776 3910 XX
791 3846 875 3930 46,4
902 3847 1075 3929 Ἀντίγονος
1107 3848 1141 3911 δὲ
1170 3850 1441 3930 παραγενομένων
1473 3846 1556 3928 πρὸς

276 3945 372 4009 αὐτὸν
405 3945 583 4027 Ἀθήνηθεν
612 3946 816 4027 πρεσβευτῶν
846 3946 900 4008 καὶ
929 3946 964 4008 τό
995 3970 1026 4008 τε
1056 3947 1128 4027 περὶ
1149 3951 1213 4009 τῶν
1242 3952 1343 4028 τιμῶν
1370 3945 1556 4008 ἀναδόντων

274 4046 427 4126 ψήφισμα
451 4044 505 4106 καί
528 4044 599 4125 περὶ
622 4045 707 4107 σίτου
731 4044 785 4106 καί
808 4043 913 4116 ξύλων
934 4046 977 4114 εἰς
991 4045 1169 4126 ναυπηγίαν
1186 4044 1415 4126 διαλεχθέντων
1432 4042 1556 4105 ἔδωκεν

276 4143 381 4211 αὐτοῖς
403 4147 509 4223 πυροῦ
532 4141 591 4223 μὲν
605 4141 772 4224 μεδίμνων
788 4142 1009 4206 πεντεκαίδεκα
1025 4142 1192 4224 μυριάδας,
1216 4142 1294 4224 ὕλην
1310 4141 1345 4204 δὲ
1365 4139 1421 4223 τὴν
1442 4138 1556 4222 ἱκανὴν

275 4241 387 4303 ναυσίν
411 4239 532 4302 ἑκατόν.

274 4363 488 4374 ...a-*na-

384 4424 402 4493 1)
422 4423 538 4494 Deque
566 4439 630 4477 eum
658 4423 743 4478 etiam
761 4422 910 4494 βαρύτατον
927 4423 1026 4493 θηρίον
1044 4422 1147 4479 dixisse
1159 4423 1240 4478 testis
1254 4425 1299 4479 est
1311 4421 1455 4492 Munapius
1473 4420 1557 4476 aaa

274 4505 373 4559 Midler
391 4503 465 4558 rHo
477 4503 516 4557 IV
527 4518 553 4573 p.
567 4503 610 4558 53.
642 4503 719 4569 Quae
738 4505 825 4558 uerba
843 4506 975 4574 corrupta
999 4519 1059 4558 esse
1077 4519 1169 4575 neque
1182 4504 1278 4569 Cobet,
1297 4504 1434 4558 Mnemos.
1446 4501 1472 4555 X
1485 4499 1557 4554 1882

274 4601 301 4656 p.
314 4585 348 4639 37
367 4599 460 4655 neque
477 4583 584 4648 Nauck,
603 4582 1132 4652 MelangesGreco·RomainsV11894
1150 4601 1175 4654 p.
1191 4583 1242 4639 127
1260 4583 1342 4639 nobis
1353 4583 1556 4653 persuaserunt

275 4664 312 4720 ci.
325 4664 405 4719 Kock
424 4681 449 4719 a.
463 4664 490 4719 h.
503 4663 522 4719 l.
540 4663 574 4718 ir.
587 4662 641 4719 932
659 4662 728 4718 GAF
740 4663 779 4718 111
798 4681 824 4734 p.
837 4662 899 4718 242.
