3442 5130
843 317 1063 384 ,16-

307 495 469 578 apertiora
493 495 777 580 nuncupabantur
801 495 851 576 (ci.
872 495 992 563 Pollux
1007 496 1106 564 11138
1130 519 1159 584 p.
1177 498 1251 584 167,
1268 499 1282 564 l
1302 498 1409 566 Bothe
1431 505 1451 585 ἡ
1473 503 1508 568 δέ
1526 504 1590 586 πρὸ

308 595 415 676 γάμον
438 594 535 658 θυσία
558 595 720 676 προτέλεια
750 595 804 659 καί
835 597 1015 679 προγάμιαγ
1046 595 1231 661 Menander
1260 600 1423 682 προτέλεια
1455 602 1590 666 uocauit

306 689 345 756 fr.
362 689 450 757 1058
461 691 500 756 Κ.
525 688 614 756 OAF.
638 689 682 756 Ill
705 711 735 778 p.
751 690 825 758 260.
872 691 992 758 Flebat
1017 695 1130 759 autem
1153 693 1347 782 plerumque
1355 698 1377 778 1)
1400 716 1453 762 res
1477 696 1589 763 diuina

306 787 410 875 pridie
432 788 524 874 ipsas
547 788 684 875 nuptias
709 787 748 855 of.
772 789 918 876 Hesych.
944 811 969 855 s.
993 811 1024 857 u,
1048 791 1164 875 γάμων
1187 794 1261 876 idq:
1291 795 1328 858 τὰ
1351 796 1514 878 προτέλεια
1537 799 1589 860 καὶ

307 889 448 971 ἀπαρχαί
470 888 525 952 καὶ
546 893 664 970 τριχῶν
688 889 868 973 ἀφαιρέσεις
890 895 940 972 τῆι
962 892 1044 954 θεῶι
1059 890 1124 975 πρὸ
1138 897 1215 974 μιᾶς
1228 897 1293 955 τῶν
1308 894 1423 976 γάμων
1437 899 1493 976 τῆς
1507 919 1586 976 παρ-

305 987 414 1050 θένου.
460 985 578 1070 Itaque
601 1004 677 1050 cum
700 985 852 1070 proxima
874 988 975 1052 nocte
1001 985 1199 1053 adulescens
1223 989 1406 1072 reuerterit,
1431 989 1495 1055 hoc
1516 990 1586 1076 ipso

305 1081 358 1148 die
390 1103 456 1168 quo
486 1080 623 1148 fabulae
654 1085 890 1166 argumentum
923 1085 977 1166 agi
1006 1083 1157 1167 fingatur
1187 1086 1323 1171 nuptias
1354 1087 1486 1152 futuras
1515 1109 1586 1154 esse

306 1180 455 1266 adparet,
486 1179 521 1245 id
552 1178 640 1265 quod
672 1201 714 1246 ex
736 1179 910 1247 Menandri
935 1182 1127 1249 comoediae
1149 1181 1260 1248 indole
1283 1203 1342 1268 per
1369 1205 1406 1248 se
1437 1187 1490 1250 est
1518 1186 1587 1250 ueri

305 1278 511 1344 simillimum
535 1277 574 1344 cf.
599 1278 669 1344 Ter.
693 1279 794 1345 Andr.
818 1278 881 1343 321
896 1300 966 1366 sqq.
1012 1280 1173 1347 Necnon
1195 1279 1356 1346 memoria
1379 1285 1431 1346 est
1453 1280 1586 1365 dignum

306 1376 467 1443 sacrificia
496 1375 554 1442 illa
575 1376 611 1442 in
634 1377 747 1462 primis
771 1397 793 1442 a
815 1379 930 1444 mariti
951 1377 1056 1443 futuri
1080 1381 1176 1466 patre
1199 1379 1391 1466 perpetrari,
1424 1380 1518 1446 cuius
1540 1380 1587 1444 rei

305 1474 404 1541 testis
439 1477 492 1540 est
521 1473 667 1540 Achilles
699 1475 817 1540 Tatius
847 1474 939 1540 1112
975 1474 1063 1540 ldrot
1096 1477 1204 1564 script
1236 1475 1349 1543 Graec.
1379 1477 1395 1541 1
1424 1499 1454 1564 p.
1478 1476 1530 1561 66,
1544 1478 1583 1542 31

304 1571 462 1639 Hercher:
486 1573 605 1638 Ἐθυεν
628 1571 686 1637 οὗν
708 1575 776 1638 τότε
799 1575 818 1637 ὁ
840 1575 945 1658 πατὴρ
969 1575 1007 1637 τὰ
1029 1577 1192 1656 προτέλεια
1215 1581 1280 1640 τῶν
1304 1577 1433 1659 γάμων;
1455 1595 1520 1660 quo
1545 1596 1585 1640 ex

304 1669 497 1736 testimonio
513 1671 548 1734 in
563 1669 737 1736 Menandri
752 1691 852 1736 uersu
869 1671 889 1738 9
907 1671 1044 1737 ineunte
1062 1669 1126 1760 [τὸν
1140 1670 1274 1762 πατέ]ρα
1289 1674 1379 1739 recte
1395 1671 1585 1759 suppletum

305 1789 378 1835 esse
390 1766 528 1854 planum
540 1768 585 1833 fit.
610 1766 677 1833 Sed
688 1766 797 1834 locum
810 1767 911 1835 modo
923 1769 1085 1856 scriptum
1092 1769 1205 1855 paullo
1215 1771 1380 1856 copiosius
1388 1772 1584 1852 tractemus3

303 1867 411 1953 pergit
434 1865 523 1932 enim
537 1865 697 1932 Achilles:
721 1867 768 1939 ὡς
791 1868 827 1932 δὲ
849 1869 986 1950 ἥκουσα,
1010 1869 1197 1933 ἀπωλώλειν
1213 1869 1267 1931 καί
1282 1871 1413 1952 ἐζήτουν
1427 1871 1583 1952 μηχανήν,

304 1966 347 2030 δι’
373 1964 411 2048 ἧς
434 1968 473 2030 ἂν
497 1966 715 2049 ἀναβαλέσθαι
740 1967 898 2050 δυναίμην
920 1965 977 2031 τὸν
999 1968 1112 2050 γάμον.
1159 1963 1329 2030 Simillimo
1353 1965 1454 2047 igilur
1475 1985 1584 2031 rerum

304 2061 490 2128 discrimine
513 2061 567 2127 hic
590 2063 648 2148 qui
669 2061 891 2128 introducitur
909 2065 1042 2129 amator
1056 2062 1189 2128 laborat
1205 2083 1245 2128 ac
1260 2061 1433 2129 Menandri
1449 2062 1583 2129 adules-

304 2180 392 2244 cens,
408 2180 517 2245 neque
533 2158 672 2225 dubium
684 2163 737 2225 est
749 2160 830 2246 quin
841 2160 942 2226 huius
955 2160 1091 2227 fabulae
1103 2180 1246 2226 scaenae
1259 2159 1378 2226 Tatius
1389 2160 1582 2226 meminerit.

303 2255 455 2344 Namque
479 2259 623 2340 omnino,
648 2278 723 2323 cum
746 2259 918 2344 quaeritur
934 2278 1022 2344 quae
1037 2259 1123 2325 ratio
1139 2257 1324 2325 intercedat
1339 2258 1427 2323 inter
1440 2258 1582 2324 comicos

303 2359 421 2442 poetas
453 2359 487 2422 et
517 2355 693 2442 scriptores
725 2355 888 2438 elegiacos
914 2356 1054 2422 creticos
1080 2354 1365 2442 epistolographos
1388 2354 1581 2439 Luoianum,

302 2473 371 2518 non
393 2455 466 2520 tam
488 2454 593 2519 uerba
609 2454 741 2537 singula
756 2455 817 2519 aut
836 2473 956 2519 uersus
972 2457 1053 2521 sunt
1068 2453 1298 2540 perscrutandi
1315 2458 1349 2520 et
1370 2453 1582 2540 comparandi

303 2571 404 2636 quam
433 2552 527 2638 ipsae
549 2573 658 2618 rerum
682 2550 892 2618 condiciones
920 2557 954 2619 et
977 2552 1111 2618 colores.
1157 2551 1224 2617 Sed
1247 2551 1290 2617 ad
1313 2551 1387 2638 ipsa
1409 2550 1583 2616 Menandri

302 2648 407 2715 uerba
429 2670 484 2715 uu.
501 2649 603 2735 8sqq.
626 2648 812 2733 redeamus,
837 2651 999 2736 equibus
1023 2651 1144 2733 uerbis,
1169 2669 1335 2734 quaenam
1357 2648 1496 2733 nuptiae
1520 2647 1581 2713 ad·
1632 2655 1634 2664 '

303 2750 462 2814 ornentur
493 2768 679 2830 cognosces.
724 2748 761 2813 Id
792 2749 881 2814 enim
910 2751 1006 2834 pater
1037 2748 1117 2830 agit,
1150 2750 1188 2812 ut
1217 2744 1309 2811 filius
1340 2766 1485 2812 sororem
1514 2745 1581 2812 aha

302 2847 409 2911 matre
432 2847 550 2912 natam
565 2846 601 2910 in
615 2845 864 2911 matrimonium
879 2844 992 2912 ducat.
1026 2847 1076 2910 Ac
1091 2844 1180 2932 quod
1195 2841 1315 2910 Kaibel
1330 2841 1350 2908 l
1367 2865 1392 2908 s,
1408 2864 1438 2929 p.
1457 2842 1520 2908 152
1532 2863 1580 2928 sq.

301 2943 386 3009 haec
408 2941 500 3009 dicit:
523 2942 651 3026 ‘Gegen
675 2943 748 3010 eine
764 2944 876 3010 solche
891 2942 963 3010 Ehe
979 2943 1077 3009 hatte
1093 2943 1154 3009 das
1171 2941 1314 3008 attische
1332 2939 1453 3007 Gesetu
1468 2940 1579 3007 nichts

302 3039 549 3124 einnuwenden‚
572 3039 625 3106 die
649 3041 793 3108 attisohe
809 3041 896 3108 Sitte
920 3040 1001 3107 aber
1023 3061 1082 3106 um
1104 3061 1142 3106 so
1165 3039 1271 3105 mehr:
1294 3040 1330 3105 in
1346 3039 1404 3105 der
1417 3036 1579 3103 Komiidie

301 3138 362 3222 gilt
384 3139 471 3205 auch
494 3139 547 3206 die
570 3140 743 3223 einseitige
762 3139 1062 3206 Verwandtschait
1084 3159 1153 3204 von
1175 3136 1504 3220 Halbgeschwistern
1529 3135 1579 3200 als

300 3236 553 3304 Ehehindernis’
585 3237 668 3303 talia
697 3237 912 3303 matrimonia
941 3236 1024 3302 inire
1047 3235 1272 3302 Athenienses
1295 3233 1389 3300 nulla
1410 3232 1482 3317 lege
1507 3253 1580 3298 esse

301 3334 425 3400 uetitos
453 3355 515 3400 suo
538 3335 608 3400 iure
640 3334 812 3401 contendit
835 3334 874 3401 of.
900 3335 994 3401 Oorn.
1017 3331 1099 3421 Nep.
1123 3333 1201 3400 Cim.
1217 3331 1264 3396 12
1288 3329 1451 3417 ‘Namque
1474 3330 1579 3396 Athe-

300 3433 474 3499 niensibus
484 3431 562 3500 licet
573 3432 690 3499 eodem
701 3435 796 3520 patre
808 3438 909 3499 natas
920 3453 1042 3498 uxores
1054 3430 1193 3497 ducere?
1209 3428 1304 3495 Philo
1315 3426 1384 3494 Iud.
1392 3427 1454 3511 leg.
1463 3428 1580 3514 spec4

300 3534 319 3596 ὁ
333 3533 393 3614 μέν
412 3531 470 3596 οὖν
484 3532 654 3616 Ἀθηναῖος
668 3532 785 3596 Σόλων
801 3533 1017 3615 ὁμοπατρίους
1032 3531 1128 3614 έφιείς
1143 3529 1278 3613 ἄγεσθαι
1292 3528 1347 3599 τὰς
1363 3529 1580 3611 ὁμομητρίους

300 3632 466 3695 ἐκώλυσεν.
512 3629 598 3696 Plut.
622 3628 735 3694 Them.
758 3628 802 3694 32
829 3629 1015 3712 Θνγατέρας
1039 3629 1074 3693 δὲ
1103 3628 1229 3698 πλείους
1252 3628 1351 3708 ἔσχεν,
1382 3623 1431 3690 ὧν
1451 3625 1577 3708 Μνησι-
1655 3693 1657 3699 ,

299 3730 457 3811 πτολέμαν
485 3729 546 3812 μὲν
576 3731 612 3792 ἐκ
634 3737 689 3813 τῆς
712 3729 960 3812 ἐπιγαμηθείσης
984 3727 1158 3810 γενομένην
1177 3724 1375 3808 Ἀρχέιπολις
1398 3723 1417 3786 ὁ
1440 3723 1578 3805 ἀδελφὸς

300 3827 360 3890 οὐκ
391 3829 439 3891 ὢν
469 3828 664 3910 ὁμομήτριος
691 3829 815 3910 ἔγημεν.
861 3823 981 3889 Minuc.
1004 3822 1096 3905 Fel.²)
1120 3822 1189 3887 Oct
1214 3820 1302 3903 31,3
1325 3820 1389 3884 ‘ius
1413 3821 1466 3885 est
1488 3819 1578 3905 apud

298 3922 419 3988 Persas
454 3924 583 3989 misceri
616 3944 692 3989 cum
723 3921 902 4004 matribus,
938 3919 1111 4007 Aegyptiis
1144 3921 1179 3985 et
1207 3916 1471 3983 Atheniensibus
1502 3937 1577 3982 cum

299 4020 466 4087 sororibus
496 4020 645 4105 legitima
674 4020 837 4087 conubia?
885 4018 950 4085 Sed
981 4017 1071 4104 quod
1100 4015 1188 4082 idem
1212 4014 1373 4097 Georgius
1396 4013 1515 4080 Kaibel
1542 4014 1577 4079 in

299 4117 469 4184 comoedia
491 4118 591 4185 huius
614 4120 743 4201 generis
759 4117 973 4183 matrimonia
988 4114 1063 4181 fieri
1076 4135 1176 4201 posse
1192 4115 1304 4198 negat,
1328 4111 1458 4178 nullum
1473 4112 1578 4177 habet

299 4219 533 4300 argumentum
566 4218 631 4283 nisi
665 4215 754 4304 quod
788 4217 824 4281 in
854 4215 1082 4279 Romanorum
1116 4211 1287 4278 comoedia
1320 4230 1406 4296 quae
1437 4207 1576 4295 palliata

291 4413 297 4428 ·
406 4388 424 4455 ¹)
443 4387 523 4453 Quod
542 4386 619 4457 apud
630 4384 790 4455 Euripidem
803 4383 863 4453 lph.
877 4382 941 4436 Aul.
954 4382 1008 4436 718
1017 4399 1078 4453 sqq.
1098 4381 1179 4434 aliter
1197 4397 1241 4434 res
1260 4395 1291 4434 se
1310 4379 1406 4446 habet,
1426 4379 1577 4448 propterea

298 4483 354 4522 non
373 4467 493 4521 multum
512 4467 597 4529 ualet.
617 4466 683 4536 quia
703 4464 758 4518 hoc
777 4463 839 4517 loco
859 4478 917 4516 non
937 4462 972 4516 de
991 4478 1060 4516 suae
1078 4461 1167 4531 ipsius
1188 4461 1294 4515 aetatis
1312 4458 1437 4512 moribus
1456 4473 1490 4510 ao
1510 4473 1576 4510 con·

297 4547 445 4600 suetudine
463 4548 550 4616 poeta
568 4545 699 4617 loquitur.

405 4627 424 4696 ⁹)
444 4626 497 4692 Qui
510 4641 573 4679 cum
583 4624 652 4678 nihil
663 4625 773 4694 spectet
782 4622 835 4676 nisi
845 4623 876 4674 ut
886 4621 1004 4692 paganis
1014 4621 1172 4684 maledicat,
1186 4635 1244 4673 rem
1254 4635 1310 4672 non
1321 4618 1574 4672 accuratetractat.
