3442 5130
776 279 998 394 414,

238 507 424 591 cedemites,
448 527 516 573 non
533 507 658 591 ebibet,
683 507 742 573 sed
757 505 826 572 iam
842 505 899 570 diu
915 505 1054 593 abierat,
1077 529 1221 596 peregre,
1238 509 1386 578 Corinthi
1401 533 1516 580 uersa-

240 606 347 673 betur.
393 605 574 672 Praeterea
604 625 646 670 ex
676 605 725 671 eis
749 625 834 691 quae
866 607 1053 691 sequuntur
1075 606 1139 672 hoc
1161 609 1190 674 7.
1212 628 1313 674 uersu
1336 608 1517 678 ‘redeundi’

238 705 409 770 notionem
441 724 514 770 esse
545 701 795 790 exprimendam
826 700 974 788 adparet,
1006 702 1040 768 id
1071 702 1159 791 quod
1191 703 1334 772 editores
1364 707 1518 775 Britanni

241 803 452 884 agnouerunt
475 821 551 867 cum
565 821 595 886 p.
613 799 655 866 19
671 801 858 866 uerterunt:
882 799 1080 884 ‘Retuming
1096 804 1133 868 at
1149 804 1312 888 evening⁵.
1347 803 1413 871 Sed
1429 805 1517 892 quod

239 901 345 966 ἐλδὼν
376 897 628 986 suppleuerunt,
659 897 774 964 malim
796 896 1064 982 Dzietzkonem1)
1097 905 1233 966 secutus
1262 902 1403 969 seribere
1425 907 1517 989 ἥκων

237 997 364 1064 ‘redux'
393 995 432 1063 cf.
463 995 634 1063 Demosth.
657 994 721 1061 XX
736 995 777 1060 81
807 1016 837 1081 p.
860 995 936 1079 478,
951 996 993 1062 27
1006 1017 1087 1083 sqq.:
1118 1000 1235 1081 λέγεται
1264 1002 1368 1066 τοίνυν
1398 1004 1517 1075 ἐκεῖνος

239 1098 376 1180 τειχίζειν
398 1097 498 1161 εἰπὼν
519 1102 583 1166 τοῖς
597 1096 745 1168 πολίταις,
768 1096 830 1158 κᾶν
845 1097 1018 1178 ἀφικνῆταί
1029 1121 1073 1167 τις
1090 1097 1352 1182 Λακεδαιμόνιος,
1375 1102 1516 1183 κατέχειν

238 1195 388 1266 κελεύσας
419 1195 561 1279 οἴχεσθαι
590 1193 778 1277 πρεσβεύων
809 1192 904 1263 αύτὸς
934 1193 981 1264 ὡς
1010 1193 1083 1266 τοὺς
1105 1195 1388 1280 Λακεδαιμονίους·
1411 1199 1517 1281 λόγων

238 1293 274 1356 δὲ
297 1294 493 1376 γιγνομένων
516 1293 583 1356 ἐκεῖ
601 1291 658 1356 καί
676 1315 771 1354 τινων
794 1291 1055 1372 ἀπαγγελλόντων
1079 1293 1126 1364 ὡς
1147 1293 1309 1377 Ἀύηναΐοι
1326 1297 1517 1377 τειχίζουσιν,

238 1392 402 1473 ἀρνεῖσθαι
432 1391 486 1454 καὶ
514 1390 662 1473 πρέσβεις
690 1389 824 1471 πέμπειν
856 1391 1079 1472 σκεψομένους
1100 1392 1245 1464 κελεύειν,
1278 1393 1384 1476 ἐπειδὴ
1410 1393 1515 1478 δ’σύχ

238 1487 320 1572 ἧκον
343 1487 438 1560 οὗτοι,
460 1489 595 1571 πέμπειν
617 1488 744 1570 ἑτέρους
765 1493 936 1569 παραινεῖν.
975 1486 1025 1552 Ac
1049 1507 1124 1553 cum
1147 1487 1211 1553 hoo
1233 1488 1336 1554 uerbo
1360 1489 1516 1574 coniungi

239 1606 339 1671 posse
362 1586 426 1651 ύπδ
445 1586 542 1650 νύκτα
565 1586 669 1667 negat
683 1581 804 1648 Kaibel
826 1582 887 1649 Ls.
903 1604 934 1669 p.
953 1583 1015 1650 152
1038 1584 1114 1650 adn.
1131 1585 1166 1650 3:
1190 1584 1313 1652 ‘Wenn
1335 1584 1395 1652 der
1416 1587 1517 1673 junge

239 1681 343 1750 Menn
374 1684 443 1749 erst
472 1702 578 1766 gegen
608 1679 728 1747 Abend
758 1679 846 1746 nach
872 1679 986 1747 Athen
1016 1681 1268 1766 zurirckkehrte,
1299 1681 1426 1750 konnte
1457 1683 1517 1750 das

242 1780 347 1847 Strick
377 1779 465 1846 euch
495 1783 564 1846 eret
594 1799 701 1863 gegen
723 1777 843 1844 Abend
867 1779 1052 1862 beginnen?
1098 1782 1145 1846 At
1167 1780 1289 1848 iniuria
1310 1783 1432 1868 pressit
1453 1782 1517 1847 ὑπὸ

241 1881 347 1962 νύκτα,
371 1878 530 1966 quoniam
552 1876 616 1943 hoc
638 1897 706 1942 non
729 1875 838 1943 solum
860 1878 935 1944 ‘sub
951 1880 1104 1961 noctem',
1127 1898 1244 1944 uerum
1267 1879 1370 1945 etiam
1392 1881 1516 1946 ‘noctu’
1638 1923 1640 1928 -

240 1979 326 2044 solet
341 1977 530 2060 significare
547 1973 586 2042 ci.
602 1973 874 2059 Kirhner-Gerth,
891 1974 1061 2042 Ausiirhri
1078 1974 1222 2042 Gramm.
1239 1976 1268 2042 d.
1284 1997 1329 2060 gr.
1346 1976 1518 2064 Sprache⁸

239 2074 303 2140 ΠΙ
328 2097 358 2161 p.
375 2074 448 2141 525.
494 2073 610 2160 Neque
641 2072 855 2156 intellegitur,
887 2093 945 2140 cur
975 2073 1173 2140 adulescens
1195 2094 1265 2140 non
1287 2075 1393 2161 possit
1414 2078 1518 2142 noctu

240 2171 375 2255 redisse,
406 2170 516 2238 frusta
542 2174 673 2257 patrem
704 2174 743 2236 ut
766 2170 807 2236 de
831 2169 967 2236 consilio
991 2170 1168 2238 desisteret
1190 2170 1429 2258 implorauisse,
1460 2194 1518 2260 per

239 2273 372 2336 noctem
403 2269 525 2353 uigiliis
549 2271 695 2335 uexatus
717 2289 807 2334 nunc
829 2267 936 2354 prima
958 2267 1032 2335 luce
1056 2269 1153 2336 domo
1177 2290 1329 2353 egressus
1353 2291 1437 2353 esse,
1468 2271 1518 2336 ita

240 2371 280 2433 ut
301 2368 376 2454 ipsa
398 2366 515 2434 isbula
537 2386 636 2434 mane
659 2365 797 2451 incipiat
819 2365 926 2432 ueluti
940 2365 1115 2433 Menandri
1131 2369 1321 2452 Ἐπίκληρος
1342 2366 1382 2435 ir.
1400 2367 1464 2434 164
1478 2367 1518 2435 K

241 2465 322 2532 OAF
345 2465 389 2532 111
411 2487 441 2552 p.
458 2466 515 2550 48;
544 2463 583 2531 σ1.
606 2464 767 2530 Dziatzko
790 2464 810 2531 l.
832 2485 856 2530 s.
879 2486 909 2551 p.
926 2464 991 2530 503
1004 2487 1062 2551 sq,
1086 2486 1117 2551 p.
1133 2465 1200 2532 504
1222 2464 1297 2531 adn.
1314 2467 1343 2531 1.
1390 2465 1456 2532 Sed
1478 2468 1519 2531 ut

130 2569 133 2575 ’
240 2562 376 2630 redeam
391 2563 435 2630 ad
446 2563 620 2647 uersumss,
634 2559 873 2651 [κακοδαίμον’
891 2564 980 2629 stare
995 2564 1063 2630 iam
1075 2583 1143 2629 non
1154 2565 1274 2650 potest.
1290 2583 1366 2629 cum
1381 2565 1516 2628 δπιόνδ’

241 2661 452 2748 improbetur.
508 2659 578 2727 Nec
607 2660 719 2747 placet
749 2657 952 2749 [δπόδη[μσν.
1008 2661 1095 2727 Nam
1126 2659 1242 2726 uideas
1274 2681 1399 2746 quaeso
1431 2681 1518 2748 quae

242 2758 363 2825 Moeris
378 2760 538 2826 Atticista
554 2759 701 2845 exponat
723 2779 753 2844 p.
770 2758 834 2824 143
851 2759 1019 2844 Ἔκδημος
1036 2759 1195 2834 Ἀττικῶς,
1219 2760 1390 2843 ἀπόδημος
1409 2760 1517 2844 Ἑλλη-

241 2864 338 2930 νικῶς
362 2860 397 2923 et
420 2877 506 2945 quae
521 2855 658 2922 Pierson
673 2854 824 2922 hocloco
840 2856 981 2922 adnotet
996 2854 1162 2942 exemple3
1187 2876 1205 2921 e
1222 2856 1342 2941 quibus
1358 2856 1518 2942 exemplis

241 2952 405 3044 [ἔκδη[μον
435 2952 645 3021 scribendum
677 2974 753 3018 esse
783 2973 972 3036 cognosces.
1018 2955 1067 3020 Ac
1096 2951 1185 3040 quod
1215 2952 1300 3018 haec
1329 2953 1519 3020 coniectura

242 3053 375 3119 adeum
390 3052 575 3118 litterarum
590 3071 766 3117 numerum
782 3070 882 3138 quem
897 3050 1022 3137 perisse
1039 3049 1182 3117 editores
1193 3049 1376 3117 Britannici
1387 3049 1518 3136 docent,

241 3170 310 3215 non
333 3151 467 3216 omnino
491 3148 644 3237 quadrat,
669 3148 770 3215 uelim
793 3147 944 3214 conteras
968 3169 1055 3236 quae
1078 3150 1168 3214 recte
1190 3147 1255 3214 hac
1278 3149 1318 3215 de
1341 3170 1376 3215 re
1398 3147 1519 3216 Keibel

241 3247 262 3313 l.
276 3268 300 3314 s.
316 3269 346 3334 p.
361 3248 425 3312 152
441 3246 550 3313 adn.3
567 3247 736 3333 exposuit:
752 3245 893 3312 ‘scheint
909 3244 967 3312 der
978 3244 1152 3312 Schreiber
1167 3246 1226 3312 dee
1237 3245 1518 3333 Pspyrusbandes

129 3381 132 3388 ·
242 3345 363 3429 gerade
395 3365 439 3410 an
471 3345 578 3411 dieser
601 3343 702 3410 Stelle
732 3342 969 3428 gleiehmsflige
992 3343 1243 3411 Zeilenansatze
1273 3343 1367 3409 nicht
1393 3342 1519 3410 beliebt

242 3465 285 3508 nu
307 3442 428 3509 haben.
463 3441 501 3509 V.
518 3442 628 3508 3-12
652 3441 757 3508 soilen
780 3439 867 3507 nach
890 3440 948 3506 der
969 3440 1110 3526 Angabe
1134 3439 1192 3507 der
1216 3439 1407 3524 englischen
1429 3442 1518 3507 Aus-

243 3541 328 3625 gebe
351 3562 414 3606 nur
435 3542 467 3627 [ε
490 3542 587 3606 sechs
611 3538 827 3606 Buohstaben
849 3538 972 3624 iehlen,
1006 3538 1167 3607 wahrend
1191 3539 1275 3606 doch
1299 3538 1402 3605 echon
1424 3537 1463 3604 V.
1487 3539 1518 3623 3,

244 3640 309 3706 wie
333 3639 386 3704 die
409 3637 666 3721 vollstandigere
690 3625 941 3720 Uberlieierung
963 3637 1022 3704 des
1038 3637 1159 3704 Verses
1183 3637 1279 3721 zeigt,
1304 3635 1405 3702 deren
1428 3657 1519 3703 neun

245 3735 454 3802 eriorderlich
485 3734 569 3818 sind,
602 3733 671 3800 und
693 3734 732 3801 V.
750 3738 791 3802 11
816 3734 877 3801 das
900 3756 1006 3818 ganne
1029 3733 1184 3801 iehlende
1207 3735 1337 3800 Metron
1360 3734 1431 3800 sich
1454 3754 1518 3799 un-

244 3832 386 3916 miiglich
416 3834 478 3900 mit
500 3833 597 3900 seohs
620 3832 835 3899 Buohstaben
859 3837 1021 3916 ergdnzen
1044 3831 1123 3898 15111.
1168 3831 1414 3915 Ebensowenig
1435 3830 1519 3899 wird

243 3952 323 3998 man
346 3931 385 3999 V.
402 3931 444 3997 13
474 3932 536 3997 mit
567 3931 720 3997 dreizehn
742 3930 959 3996 Buohstaben
989 3928 1219 4013 auskommen,
1250 3928 1305 3994 firr
1335 3929 1388 3995 die
1419 3928 1519 3996 eilein

245 4027 302 4095 der
317 4029 426 4095 Reum
441 4029 614 4096 bestimmt
636 4029 707 4095 sein
732 4028 803 4111 soll,
827 4027 897 4094 und
919 4026 1006 4094 noch
1029 4027 1175 4110 weniger
1191 4026 1230 4093 V.
1248 4025 1290 4092 16
1312 4025 1375 4092 mit
1397 4026 1519 4093 vieren.

245 4127 360 4211 Einige
382 4125 528 4193 Freiheit
557 4127 592 4191 in
616 4125 674 4192 der
696 4125 895 4209 Erganrung
917 4125 995 4191 muii
1018 4125 1090 4192 also
1114 4124 1342 4209 rugestenden
1363 4122 1518 4192 werden?

245 4225 315 4291 Iam
347 4224 426 4311 quid
457 4225 501 4290 sit
531 4223 612 4290 iilud
643 4227 849 4310 συμβεβηκός
879 4222 1004 4289 indicat
1034 4221 1230 4288 adrdescens
1255 4221 1396 4308 septimo
1419 4242 1520 4288 uersu

249 4325 394 4389 exeunte
432 4345 454 4389 a
491 4322 624 4389 librario
663 4323 710 4388 sic
749 4323 901 4408 corrupto
936 4319 1519 4387 ΓΙΝΟΜΕΝΗΤΟῩΣΓΑΜΟῩΣ.

352 4554 370 4624 ¹)
390 4553 437 4627 qui
460 4549 489 4607 δὲ
513 4553 670 4623 aGeorgio
689 4552 790 4608 Kaibel
814 4552 941 4607 additum
965 4550 1024 4606 iure
1047 4550 1213 4623 repudiauit.
1249 4549 1321 4605 Nam
1340 4550 1363 4604 si
1382 4549 1521 4621 particula

243 4635 359 4690 omnino
378 4635 558 4702 desideretur,
576 4631 627 4706 γὰρ
645 4636 778 4705 expectes
796 4631 909 4704 adponi.
