3448 5134
770 385 813 392 -
861 346 924 412 104
969 384 1013 393 ..

249 523 386 590 Philam.
409 523 487 589 min.
509 522 549 589 fr.
575 523 649 590 lK.
673 523 799 590 GAFH
822 545 851 610 p.
868 523 934 590 540
1041 525 1077 589 τὸ
1101 532 1166 608 πῦρ
1188 527 1291 608 μόνον

820 647 933 688 nocane

249 740 311 786 nec
339 741 407 786 non
435 720 533 786 simili
564 720 695 786 ratione
725 719 844 786 Latine
875 717 1000 786 ‘modo'
1024 718 1144 785 dicitur
1167 719 1207 786 cf.
1227 719 1336 786 Plaut.
1352 719 1449 786 Most.
1467 719 1531 786 326

463 821 557 884 ‘caue
581 818 679 884 modo
702 839 746 884 ne
769 818 860 905 prius
883 817 918 883 in
942 819 999 883 uia
1022 817 1185 883 accubes?

356 916 472 1002 Neque
496 916 536 982 de
561 915 608 981 eis
632 937 718 1001 quae
743 918 930 1002 sequuntur
968 914 1234 998 redintegrandis
1268 914 1339 980 ulla
1362 917 1416 981 est
1435 915 1531 981 dubi-

249 1015 344 1080 tatio.
389 1012 466 1079 Una
488 1016 603 1080 tamen
634 1017 742 1080 restat
765 1013 960 1080 difficultas:
992 1034 1093 1100 supra
1123 1034 1154 1078 u.
1178 1013 1221 1078 49
1253 1014 1341 1079 enim
1373 1015 1531 1100 scriptum

248 1111 402 1178 uidemus
417 1101 599 1208 Hofe'bueo}
613 1109 759 1200 εἴσ<ε>ισι.
781 1110 876 1192 Quod
891 1110 1017 1176 falsum
1032 1131 1106 1176 esse
1123 1114 1319 1194 argumento
1337 1110 1422 1176 satis
1434 1110 1530 1176 firmo

249 1210 479 1297 comprobauit
493 1209 718 1276 Wilamowitz
733 1209 753 1277 l.
770 1231 794 1276 s.
811 1231 841 1296 p.
854 1209 909 1275 33:
931 1209 1115 1274 Pataecum
1131 1211 1171 1274 ut
1186 1209 1318 1275 intersit
1333 1209 1382 1275 rei
1397 1208 1531 1275 diuinae

248 1306 424 1373 faciendae
444 1312 599 1390 rogatum
621 1329 653 1373 u.
668 1307 712 1373 49
737 1306 825 1393 quod
852 1307 1039 1372 Polemonis
1055 1306 1225 1372 uoluntati
1241 1327 1309 1373 non
1326 1307 1531 1392 obsequatur

249 1405 409 1471 excusari.
456 1403 564 1484 Quare
599 1425 737 1471 necesse
772 1426 846 1470 esse
881 1403 1104 1489 Polemonem,
1137 1407 1176 1470 ut
1203 1425 1289 1491 quae
1322 1425 1414 1471 socer
1442 1403 1531 1470 dieat

249 1502 376 1584 audiat,
400 1503 436 1568 in
459 1523 583 1569 scaena
605 1523 748 1569 manere.
793 1501 909 1588 Neque
932 1501 1021 1568 hanc
1048 1503 1253 1568 sententiam
1274 1501 1397 1568 refellit
1418 1500 1531 1567 Kauer

248 1599 268 1667 l.
290 1621 314 1665 s.
338 1622 367 1687 p.
389 1599 454 1665 206
476 1621 523 1686 00.
570 1598 633 1680 Qui
659 1601 820 1666 traditam
853 1600 1047 1666 memoriam
1086 1598 1236 1665 defendit
1270 1602 1371 1685 atque
1405 1601 1529 1666 intrare

248 1696 464 1763 Polemonem
495 1697 658 1784 opinatur.
703 1697 753 1764 Ao
784 1718 860 1762 oum
884 1719 914 1763 u.
931 1699 972 1762 51
999 1697 1028 1762 ὦ
1051 1706 1092 1782 γῆ
1116 1696 1291 1784 Glyceram
1324 1696 1431 1764 dicere
1462 1717 1530 1763 non

248 1816 348 1882 posse
371 1794 555 1880 intellegat,
579 1795 689 1883 ipsum
704 1795 843 1862 Pataeoi
864 1795 972 1861 filium
993 1793 1035 1861 de
1051 1816 1115 1880 quo
1139 1818 1170 1861 u.
1187 1795 1230 1861 50
1254 1794 1374 1862 dicitur
1391 1795 1529 1877 inducit,

250 1893 304 1958 cui
326 1894 412 1959 haec
434 1893 539 1958 uerba
563 1893 696 1959 tribuat.
743 1895 789 1959 At
812 1915 856 1960 ex
879 1893 927 1960 eis
950 1913 1037 1980 quae
1064 1892 1190 1959 tradita
1213 1895 1294 1959 sunt
1316 1893 1407 1959 nullo
1432 1891 1529 1959 modo

248 1989 343 2056 illum
365 1990 474 2056 filium
498 1992 631 2057 omnino
662 1993 697 2056 in
728 2012 853 2058 scaena
883 1991 1010 2057 uersari
1040 1995 1153 2077 potest
1184 1990 1328 2074 ostendi3
1359 2012 1469 2077 neque
1502 1990 1531 2056 si

247 2087 320 2174 ipse
343 2087 434 2153 filius
458 2088 594 2154 adesset
616 2092 745 2174 patrem
768 2097 824 2155 τῶι
848 2091 908 2174 γὰρ
931 2093 993 2154 ὑῶι
1015 2091 1172 2173 λαμβάνω
1197 2111 1243 2175 sq.
1268 2087 1433 2155 dicturum
1456 2109 1530 2154 esse

248 2185 402 2252 credibile
427 2188 492 2269 000
521 2185 580 2252 sed
603 2188 631 2251 si
654 2207 689 2252 re
712 2208 794 2253 uera
817 2187 954 2254 adesset
975 2186 1073 2269 filine,
1098 2208 1175 2253 eum
1197 2187 1307 2274 ipsum
1335 2185 1528 2274 adpellaret‚

249 2282 288 2350 cf.
312 2283 383 2349 Ter.
398 2283 501 2351 Haut.
518 2284 605 2350 1060
621 2305 685 2371 sq:

338 2380 464 2448 ‘Gnate
481 2383 535 2457 mi,
554 2403 614 2466 ego
634 2380 689 2469 pol
704 2382 767 2448 tibi
783 2383 870 2449 dabo
886 2381 978 2449 illam
993 2381 1138 2468 lepidam
1154 2403 1256 2469 quam
1271 2386 1310 2449 tu
1325 2381 1421 2448 facile
1437 2402 1529 2448 ames

351 2479 470 2546 Filiam
485 2479 718 2547 Phanocratae
734 2481 859 2546 nostri'
943 2482 1061 2566 ltaque
1082 2483 1171 2546 recte
1187 2479 1349 2547 iudicauit
1364 2479 1528 2547 Wilamo-

247 2577 340 2644 witz:
364 2577 469 2644 intrat
485 2576 636 2665 Glycera,
661 2577 795 2644 Polemo
819 2581 971 2644 remanet
990 2577 1025 2643 10
1042 2599 1173 2644 000000.
1208 2578 1294 2644 Huic
1309 2578 1410 2660 igitur
1424 2577 1529 2644 uerba

250 2674 343 2760 ὦγῆ
365 2675 545 2742 tribuenda
567 2679 655 2742 sunt.
690 2675 783 2756 Quae
806 2676 912 2742 uerba
935 2676 1020 2742 bene
1045 2675 1188 2743 editores
1219 2677 1266 2741 sic
1290 2675 1529 2763 suppleuerunt

248 2772 277 2837 ὦ
301 2781 341 2858 γῆ
366 2772 432 2860 [καὶ
454 2772 538 2862 decl]
564 2773 613 2856 (cf.
630 2773 769 2840 Nicostr.
792 2772 832 2840 fr.
848 2775 869 2840 ὅ
885 2774 924 2840 Κ.
948 2774 1029 2840 0Αο
1044 2774 1074 2838 Il
1096 2796 1126 2861 p.
1143 2774 1209 2839 220

462 2874 532 2936 ἀλλ’
556 2875 714 2957 ἐπριάμην
736 2877 816 2956 παρ’
841 2874 967 2957 ἄνδράς,
992 2871 1020 2937 ὦ
1044 2881 1084 2956 γῆ
1106 2874 1160 2937 καὶ
1182 2875 1271 2937 θεοί·

249 2970 284 3033 at
314 2968 478 3035 Aristaan.
510 2991 559 3056 ep.
575 2970 604 3034 Π
620 2970 664 3036 20
687 2992 717 3056 p.
736 2970 799 3037 170
821 2970 939 3036 Harch.
963 2972 1010 3042 ὡς
1038 2971 1225 3053 φιλόνεικος,
1253 2970 1347 3044 εἶπεν,
1377 2971 1529 3053 ὑπάρχεις

247 3068 302 3130 καὶ
325 3068 393 3132 λίαν
425 3070 513 3152 γυνή,
545 3071 592 3140 ὡς
623 3071 801 3152 ἀτεράμων,
834 3068 863 3133 ὦ
894 3076 935 3152 γῆ
964 3069 1019 3132 καὶ
1047 3069 1133 3151 deofl
1157 3066 1221 3133 nisi
1245 3065 1333 3153 quod
1364 3067 1427 3132 hoc
1456 3065 1527 3132 loco

248 3162 362 3229 malim
401 3164 542 3231 scribere
580 3167 638 3251 Γῆ.
693 3165 795 3232 Terra
836 3165 935 3249 enim,
980 3164 1044 3230 dea
1084 3186 1153 3231 non
1194 3164 1303 3231 solum
1343 3162 1528 3229 fertilitatis

248 3281 403 3342 agrorum
419 3262 478 3328 sed
494 3264 596 3328 etiam
612 3264 719 3329 omnis
739 3263 969 3329 abundantiae
986 3265 1125 3346 auctrix,
1142 3264 1277 3328 nomine
1293 3263 1528 3347 Κονροτρόφος

249 3356 483 3444 adpellabatur
511 3359 560 3441 (of.
584 3360 731 3427 Roscber
753 3359 772 3426 l.
790 3382 815 3426 s.
838 3361 899 3444 12,
925 3360 1021 3444 1570)
1050 3382 1090 3427 00
1121 3381 1196 3426 cum
1227 3359 1359 3425 fiebant
1389 3358 1527 3445 nuptiae

247 3456 282 3520 in
305 3459 493 3540 πρσιελείοις
517 3478 602 3543 0000
627 3461 751 3524 uocant
773 3458 1014 3545 implorabatur
1032 3462 1072 3524 ut
1088 3458 1245 3541 coniuges
1262 3460 1400 3540 augeret
1415 3455 1528 3523 liberis

249 3573 349 3640 quam
381 3554 530 3640 plurimis
563 3556 603 3621 cf.
627 3555 989 3643 Schoemann-Lipsius
1020 3556 1039 3624 l.
1055 3577 1080 3623 s.
1096 3556 1125 3620 ΙΙ
1152 3577 1182 3642 p.
1202 3556 1277 3622 584.
1326 3555 1443 3642 Neque
1475 3556 1528 3620 est

248 3672 305 3718 our
332 3673 401 3718 non
432 3653 486 3719 hic
516 3675 658 3740 quoque,
693 3656 889 3742 praesertim
924 3675 999 3721 cum
1035 3653 1075 3720 de
1108 3654 1235 3740 nuptiis
1269 3674 1310 3719 ac
1344 3673 1379 3718 re
1414 3651 1528 3718 diuina

247 3749 400 3817 facienda
430 3750 528 3817 modo
560 3755 673 3818 actum
704 3754 757 3836 sit,
790 3752 889 3818 simili
919 3752 1057 3818 notione
1089 3753 1124 3817 et
1154 3750 1252 3816 simili
1283 3750 1528 3817 sententiarum

248 3846 361 3912 ordine
384 3847 472 3914 illius
497 3848 580 3916 deae
603 3852 729 3916 mentio
754 3851 799 3916 sit
820 3849 921 3934 facta,
946 3851 1017 3916 siue
1033 3851 1118 3916 serio
1136 3848 1176 3915 de
1191 3869 1226 3914 re
1243 3847 1358 3914 diuina
1372 3844 1528 3914 facienda

247 3941 473 4010 disserebatur
497 3946 568 4014 siue
592 3947 725 4014 Polemo
749 3947 845 4014 miles
867 3949 1040 4014 immemor
1063 3968 1175 4013 eorum
1201 3966 1287 4032 quae
1310 3945 1408 4011 modo
1433 3967 1464 4012 u.
1483 3943 1526 4009 41

247 4062 341 4107 socer
362 4042 516 4127 iusserat,
542 4044 666 4132 aliquid
689 4045 774 4111 dixit
797 4046 837 4111 de
862 4046 1048 4133 duplicibus
1069 4046 1195 4131 nuptiis
1211 4045 1389 4130 liberisque
1404 4041 1527 4109 futuris

247 4138 319 4205 1000
343 4139 485 4207 fortasse
508 4163 590 4208 usus
615 4164 633 4209 e
657 4165 808 4210 sermone
832 4144 995 4210 castrensi
1018 4146 1149 4228 arrepto
1181 4163 1243 4208 neo
1274 4141 1358 4208 satis
1388 4141 1528 4207 urbano.

247 4236 313 4303 Sed
336 4238 512 4304 redeamus
536 4241 580 4306 ad
604 4262 658 4307 un.
673 4242 717 4309 40
734 4263 803 4328 sqq.
1030 4244 1156 4324 ἑτέρους
1180 4236 1350 4329 temtabo]

460 4340 540 4403 ἐστὶν
564 4341 689 4423 γάμους
711 4366 776 4423 μοι.
814 4337 907 4429 τῶ<ι>
931 4341 992 4423 γὰρ
1015 4336 1140 4428 ὓῶ<ι>11
1172 4336 1351 4426 λαμβά[νω]

458 4438 516 4520 τὴν
538 4445 594 4502 τοῦ
622 4434 817 4526 Φικί>νο00
841 4440 1006 4520 θυγατέρ’.
1281 4441 1284 4450 “

354 4597 372 4666 1)
392 4595 429 4651 cf.
448 4594 635 4650 Meisterhans
655 4597 673 4654 l.
687 4612 708 4652 s.
728 4597 799 4666 517,
810 4597 879 4651 1-6
897 4612 924 4667 p.
938 4594 974 4651 59
986 4612 1028 4668 00.

353 4677 372 4747 't
393 4676 430 4732 cf.
450 4676 588 4732 Kirohner
606 4677 624 4732 l.
637 4677 698 4732 011
715 4694 741 4749 p.
755 4676 809 4732 306
821 4693 882 4749 000.
902 4675 949 4731 Nr.
965 4673 1193 4732 14299-14339.
