<?xml version="1.0" encoding="UTF-8"?>
<!DOCTYPE html PUBLIC "-//W3C//DTD XHTML 1.0 Transitional//EN"
    "http://www.w3.org/TR/xhtml1/DTD/xhtml1-transitional.dtd">
<html xmlns="http://www.w3.org/1999/xhtml" xml:lang="en" lang="en">
 <head>
  <title>
</title>
<meta http-equiv="Content-Type" content="text/html;charset=utf-8" />
  <meta name='ocr-system' content='tesseract 3.04.00' />
  <meta name='ocr-capabilities' content='ocr_page ocr_carea ocr_par ocr_line ocrx_word'/>
</head>
<body>
  <div class='ocr_page' id='page_1' title='image "./demenandrireliq00kretgoog_0038.png"; bbox 0 0 3442 5130; ppageno 0'>
   <div class='ocr_carea' id='block_1_1' title="bbox 701 356 924 423">
    <p class='ocr_par' dir='ltr' id='par_1_1' title="bbox 701 356 924 423">
     <span class='ocr_line' id='line_1_1' title="bbox 701 356 924 423; baseline 0.009 -19"><span class='ocrx_word' id='word_1_1' title='bbox 701 356 924 423; x_wconf 74' lang='grc'>..33-</span> 
     </span>
    </p>
   </div>
   <div class='ocr_carea' id='block_1_2' title="bbox 171 533 1524 1414">
    <p class='ocr_par' dir='ltr' id='par_1_2' title="bbox 172 533 1454 917">
     <span class='ocr_line' id='line_1_2' title="bbox 172 533 1454 621; baseline 0.001 -20"><span class='ocrx_word' id='word_1_2' title='bbox 172 557 203 604; x_wconf 91' lang='lat' dir='ltr'><strong>u.</strong></span> <span class='ocrx_word' id='word_1_3' title='bbox 221 536 261 601; x_wconf 91' lang='lat'><strong>31</strong></span> <span class='ocrx_word' id='word_1_4' title='bbox 277 556 324 621; x_wconf 89' lang='lat' dir='ltr'><strong>sq.</strong></span> <span class='ocrx_word' id='word_1_5' title='bbox 347 534 458 601; x_wconf 90' lang='lat' dir='ltr'><strong>uerbis</strong></span> <span class='ocrx_word' id='word_1_6' title='bbox 481 537 689 620; x_wconf 80' lang='grc' dir='ltr'><strong><em>προσέρχεται</em></strong></span> <span class='ocrx_word' id='word_1_7' title='bbox 714 555 740 600; x_wconf 91' lang='lat' dir='ltr'><strong>e.</strong></span> <span class='ocrx_word' id='word_1_8' title='bbox 757 555 786 620; x_wconf 92' lang='lat' dir='ltr'><strong>q.</strong></span> <span class='ocrx_word' id='word_1_9' title='bbox 803 555 828 600; x_wconf 91' lang='lat' dir='ltr'><strong>s.</strong></span> <span class='ocrx_word' id='word_1_10' title='bbox 852 555 956 600; x_wconf 91' lang='lat' dir='ltr'><strong>causa</strong></span> <span class='ocrx_word' id='word_1_11' title='bbox 972 533 1144 601; x_wconf 80' lang='lat' dir='ltr'><strong>adferatur</strong></span> <span class='ocrx_word' id='word_1_12' title='bbox 1159 534 1200 601; x_wconf 96' lang='lat' dir='ltr'><strong>de</strong></span> <span class='ocrx_word' id='word_1_13' title='bbox 1216 556 1284 621; x_wconf 89' lang='lat' dir='ltr'><strong>qua</strong></span> <span class='ocrx_word' id='word_1_14' title='bbox 1298 535 1454 603; x_wconf 89' lang='lat' dir='ltr'><strong>Philinna</strong></span> 
     </span>
     <span class='ocr_line' id='line_1_3' title="bbox 173 633 1453 718; baseline -0.002 -17"><span class='ocrx_word' id='word_1_15' title='bbox 173 633 400 701; x_wconf 76' lang='lat' dir='ltr'><strong>ostentatione</strong></span> <span class='ocrx_word' id='word_1_16' title='bbox 433 633 601 699; x_wconf 90' lang='lat' dir='ltr'><strong>abstinere</strong></span> <span class='ocrx_word' id='word_1_17' title='bbox 633 653 674 699; x_wconf 90' lang='lat' dir='ltr'><strong>ao</strong></span> <span class='ocrx_word' id='word_1_18' title='bbox 701 635 812 699; x_wconf 84' lang='lat' dir='ltr'><strong>tacere</strong></span> <span class='ocrx_word' id='word_1_19' title='bbox 836 633 1001 716; x_wconf 87' lang='lat' dir='ltr'><strong>iubeatur,</strong></span> <span class='ocrx_word' id='word_1_20' title='bbox 1033 633 1174 700; x_wconf 91' lang='lat' dir='ltr'><strong>uerbum</strong></span> <span class='ocrx_word' id='word_1_21' title='bbox 1196 638 1402 718; x_wconf 82' lang='grc' dir='ltr'><strong><em>προσέρχεται</em></strong></span> <span class='ocrx_word' id='word_1_22' title='bbox 1424 633 1453 701; x_wconf 90' lang='lat' dir='ltr'><strong>si</strong></span> 
     </span>
     <span class='ocr_line' id='line_1_4' title="bbox 172 729 1453 818; baseline 0 -21"><span class='ocrx_word' id='word_1_23' title='bbox 172 753 241 798; x_wconf 91' lang='lat' dir='ltr'><strong>non</strong></span> <span class='ocrx_word' id='word_1_24' title='bbox 271 731 446 813; x_wconf 81' lang='lat' dir='ltr'><strong>desiderat,</strong></span> <span class='ocrx_word' id='word_1_25' title='bbox 479 729 628 797; x_wconf 83' lang='lat' dir='ltr'><strong>admittit</strong></span> <span class='ocrx_word' id='word_1_26' title='bbox 652 729 850 817; x_wconf 91' lang='lat' dir='ltr'><strong>particulam</strong></span> <span class='ocrx_word' id='word_1_27' title='bbox 873 732 942 814; x_wconf 77' lang='grc' dir='ltr'><em>γὰρ.</em></span> <span class='ocrx_word' id='word_1_28' title='bbox 987 732 1098 812; x_wconf 75' lang='lat' dir='ltr'><strong>Quare</strong></span> <span class='ocrx_word' id='word_1_29' title='bbox 1128 752 1197 797; x_wconf 94' lang='lat' dir='ltr'><strong>non</strong></span> <span class='ocrx_word' id='word_1_30' title='bbox 1226 731 1341 798; x_wconf 88' lang='lat' dir='ltr'><strong>dubito</strong></span> <span class='ocrx_word' id='word_1_31' title='bbox 1372 732 1453 818; x_wconf 94' lang='lat' dir='ltr'><strong>quin</strong></span> 
     </span>
     <span class='ocr_line' id='line_1_5' title="bbox 172 828 1133 917; baseline -0.002 -22"><span class='ocrx_word' id='word_1_32' title='bbox 172 829 324 917; x_wconf 88' lang='lat' dir='ltr'><strong>supplere</strong></span> <span class='ocrx_word' id='word_1_33' title='bbox 347 828 460 895; x_wconf 87' lang='lat' dir='ltr'><strong>liceat:</strong></span> <span class='ocrx_word' id='word_1_34' title='bbox 927 831 1133 912; x_wconf 81' lang='grc' dir='ltr'><strong><em>προσέρχεται</em></strong></span> 
     </span>
    </p>

    <p class='ocr_par' dir='ltr' id='par_1_3' title="bbox 171 924 1524 1414">
     <span class='ocr_line' id='line_1_6' title="bbox 389 924 1135 1016; baseline -0.001 -24"><span class='ocrx_word' id='word_1_35' title='bbox 389 925 459 1016; x_wconf 81' lang='grc' dir='ltr'>[γὰρ</span> <span class='ocrx_word' id='word_1_36' title='bbox 483 924 586 1014; x_wconf 78' lang='grc' dir='ltr'><strong>δεῦρ’]</strong></span> <span class='ocrx_word' id='word_1_37' title='bbox 594 929 617 1006; x_wconf 76' lang='lat'><strong>¹)</strong></span> <span class='ocrx_word' id='word_1_38' title='bbox 642 928 840 1011; x_wconf 68' lang='lat' dir='ltr'><strong>dorpaneo</strong></span> <span class='ocrx_word' id='word_1_39' title='bbox 864 929 899 1002; x_wconf 78' lang='grc' dir='ltr'><strong>ἐξ</strong></span> <span class='ocrx_word' id='word_1_40' title='bbox 922 930 1024 1010; x_wconf 76' lang='grc' dir='ltr'><em>ἀγροῦ</em></span> <span class='ocrx_word' id='word_1_41' title='bbox 1040 927 1135 998; x_wconf 87' lang='grc' dir='ltr'><em>Δᾶος·</em></span> 
     </span>
     <span class='ocr_line' id='line_1_7' title="bbox 172 1024 1524 1111; baseline 0.001 -20"><span class='ocrx_word' id='word_1_42' title='bbox 172 1027 210 1092; x_wconf 84' lang='lat' dir='ltr'><strong>of.</strong></span> <span class='ocrx_word' id='word_1_43' title='bbox 233 1026 400 1111; x_wconf 80' lang='lat' dir='ltr'><strong>Aristoph.</strong></span> <span class='ocrx_word' id='word_1_44' title='bbox 423 1027 514 1090; x_wconf 79' lang='lat' dir='ltr'><strong>Auos</strong></span> <span class='ocrx_word' id='word_1_45' title='bbox 542 1024 628 1090; x_wconf 89' lang='grc'>1414</span> <span class='ocrx_word' id='word_1_46' title='bbox 659 1026 679 1088; x_wconf 89' lang='grc' dir='ltr'><strong><em>ὅ</em></strong></span> <span class='ocrx_word' id='word_1_47' title='bbox 701 1026 734 1089; x_wconf 85' lang='lat' dir='ltr'><strong>d&#39;</strong></span> <span class='ocrx_word' id='word_1_48' title='bbox 760 1024 800 1090; x_wconf 82' lang='grc' dir='ltr'><strong>αὖ</strong></span> <span class='ocrx_word' id='word_1_49' title='bbox 830 1027 1006 1108; x_wconf 81' lang='grc' dir='ltr'><strong><em>μινυρίζων</em></strong></span> <span class='ocrx_word' id='word_1_50' title='bbox 1037 1027 1133 1110; x_wconf 78' lang='grc' dir='ltr'><em>δεῦρό</em></span> <span class='ocrx_word' id='word_1_51' title='bbox 1163 1051 1207 1096; x_wconf 88' lang='grc' dir='ltr'><strong>τις</strong></span> <span class='ocrx_word' id='word_1_52' title='bbox 1236 1028 1450 1110; x_wconf 84' lang='grc' dir='ltr'><strong><em>προσέρχεται.</em></strong></span> <span class='ocrx_word' id='word_1_53' title='bbox 1520 1065 1524 1074; x_wconf 84' lang='grc'>·</span> 
     </span>
     <span class='ocr_line' id='line_1_8' title="bbox 171 1119 1451 1211; baseline 0 -22"><span class='ocrx_word' id='word_1_54' title='bbox 171 1124 242 1189; x_wconf 79' lang='lat' dir='ltr'><strong>Iam</strong></span> <span class='ocrx_word' id='word_1_55' title='bbox 264 1123 372 1209; x_wconf 73' lang='lat' dir='ltr'><strong>pergit</strong></span> <span class='ocrx_word' id='word_1_56' title='bbox 386 1121 569 1210; x_wconf 85' lang='lat' dir='ltr'><strong>Myrrhina:</strong></span> <span class='ocrx_word' id='word_1_57' title='bbox 597 1123 701 1206; x_wconf 80' lang='grc' dir='ltr'><strong><em>βραχὺ</em></strong></span> <span class='ocrx_word' id='word_1_58' title='bbox 716 1119 719 1210; x_wconf 64' lang='lat' dir='ltr'><strong>i</strong></span> <span class='ocrx_word' id='word_1_59' title='bbox 733 1119 870 1211; x_wconf 80' lang='grc' dir='ltr'><strong>τ[ηιό]&lt;ὶ&gt;</strong></span> <span class='ocrx_word' id='word_1_60' title='bbox 892 1129 1103 1206; x_wconf 68' lang='grc' dir='ltr'><strong><em>μεταστῶμεν.</em></strong></span> <span class='ocrx_word' id='word_1_61' title='bbox 1152 1124 1229 1207; x_wconf 79' lang='grc' dir='ltr'><strong><em>τηνδὶ</em></strong></span> <span class='ocrx_word' id='word_1_62' title='bbox 1252 1124 1340 1190; x_wconf 87' lang='lat' dir='ltr'><strong>enim</strong></span> <span class='ocrx_word' id='word_1_63' title='bbox 1362 1129 1451 1189; x_wconf 80' lang='lat' dir='ltr'><strong>recto</strong></span> 
     </span>
     <span class='ocr_line' id='line_1_9' title="bbox 171 1213 1452 1316; baseline -0.001 -20"><span class='ocrx_word' id='word_1_64' title='bbox 171 1229 304 1296; x_wconf 90' lang='lat' dir='ltr'><strong>uidetur</strong></span> <span class='ocrx_word' id='word_1_65' title='bbox 334 1250 408 1296; x_wconf 89' lang='lat' dir='ltr'><strong>esse</strong></span> <span class='ocrx_word' id='word_1_66' title='bbox 439 1230 647 1316; x_wconf 88' lang='lat' dir='ltr'><strong>suppletum,</strong></span> <span class='ocrx_word' id='word_1_67' title='bbox 683 1213 848 1316; x_wconf 82' lang='lat' dir='ltr'><strong>quamuis</strong></span> <span class='ocrx_word' id='word_1_68' title='bbox 868 1228 982 1295; x_wconf 90' lang='lat' dir='ltr'><strong>littera</strong></span> <span class='ocrx_word' id='word_1_69' title='bbox 1016 1250 1103 1315; x_wconf 90' lang='lat' dir='ltr'><strong>quae</strong></span> <span class='ocrx_word' id='word_1_70' title='bbox 1138 1232 1218 1295; x_wconf 89' lang='lat' dir='ltr'><strong>ante</strong></span> <span class='ocrx_word' id='word_1_71' title='bbox 1248 1237 1452 1314; x_wconf 81' lang='grc' dir='ltr'><strong><em>μεταστῶμεν</em></strong></span> 
     </span>
     <span class='ocr_line' id='line_1_10' title="bbox 171 1325 1450 1414; baseline 0.001 -20"><span class='ocrx_word' id='word_1_72' title='bbox 171 1327 296 1414; x_wconf 88' lang='lat' dir='ltr'><strong>scripta</strong></span> <span class='ocrx_word' id='word_1_73' title='bbox 310 1325 376 1392; x_wconf 84' lang='lat' dir='ltr'><strong>fuit</strong></span> <span class='ocrx_word' id='word_1_74' title='bbox 390 1328 431 1390; x_wconf 94' lang='lat' dir='ltr'><em>H</em></span> <span class='ocrx_word' id='word_1_75' title='bbox 442 1348 515 1394; x_wconf 86' lang='lat' dir='ltr'><strong>esse</strong></span> <span class='ocrx_word' id='word_1_76' title='bbox 536 1326 693 1393; x_wconf 89' lang='lat' dir='ltr'><strong>uideatur</strong></span> <span class='ocrx_word' id='word_1_77' title='bbox 707 1326 889 1409; x_wconf 88' lang='lat' dir='ltr'><strong>Britannis,</strong></span> <span class='ocrx_word' id='word_1_78' title='bbox 914 1326 954 1393; x_wconf 87' lang='lat' dir='ltr'><strong>ci.</strong></span> <span class='ocrx_word' id='word_1_79' title='bbox 966 1327 1134 1414; x_wconf 90' lang='lat' dir='ltr'><strong>Aristoph.</strong></span> <span class='ocrx_word' id='word_1_80' title='bbox 1146 1326 1278 1394; x_wconf 80' lang='lat' dir='ltr'><strong>Thesm.</strong></span> <span class='ocrx_word' id='word_1_81' title='bbox 1294 1328 1377 1394; x_wconf 82' lang='lat'>1223</span> <span class='ocrx_word' id='word_1_82' title='bbox 1390 1349 1450 1414; x_wconf 91' lang='lat' dir='ltr'><strong>sq:</strong></span> 
     </span>
    </p>
   </div>
   <div class='ocr_carea' id='block_1_3' title="bbox 383 1445 1109 1626">
    <p class='ocr_par' dir='ltr' id='par_1_4' title="bbox 383 1445 1109 1626">
     <span class='ocr_line' id='line_1_11' title="bbox 767 1445 1109 1521; baseline 0.003 -14"><span class='ocrx_word' id='word_1_83' title='bbox 767 1451 826 1509; x_wconf 87' lang='grc' dir='ltr'><strong>παῖ</strong></span> <span class='ocrx_word' id='word_1_84' title='bbox 844 1445 930 1521; x_wconf 55' lang='grc' dir='ltr'><strong>θεῖς</strong></span> <span class='ocrx_word' id='word_1_85' title='bbox 954 1445 993 1508; x_wconf 83' lang='grc' dir='ltr'><strong>οὗ</strong></span> <span class='ocrx_word' id='word_1_86' title='bbox 1016 1445 1109 1508; x_wconf 83' lang='grc' dir='ltr'><strong><em>πάλιν</em></strong></span> 
     </span>
     <span class='ocr_line' id='line_1_12' title="bbox 383 1543 1108 1626; baseline 0.001 -21"><span class='ocrx_word' id='word_1_87' title='bbox 383 1543 464 1626; x_wconf 81' lang='grc' dir='ltr'><strong><em>τηιόὶ</em></strong></span> <span class='ocrx_word' id='word_1_88' title='bbox 487 1543 610 1620; x_wconf 78' lang='grc' dir='ltr'><strong><em>διώξει,·</em></strong></span> <span class='ocrx_word' id='word_1_89' title='bbox 632 1546 661 1614; x_wconf 82' lang='grc' dir='ltr'><strong>’ς</strong></span> <span class='ocrx_word' id='word_1_90' title='bbox 682 1543 858 1622; x_wconf 77' lang='grc' dir='ltr'><strong><em>τοῦμπαλιν</em></strong></span> <span class='ocrx_word' id='word_1_91' title='bbox 881 1544 1000 1626; x_wconf 85' lang='grc' dir='ltr'><strong><em>τρέχεις</em></strong></span> <span class='ocrx_word' id='word_1_92' title='bbox 1024 1543 1108 1626; x_wconf 85' lang='grc' dir='ltr'><em>σύγε.</em></span> 
     </span>
    </p>
   </div>
   <div class='ocr_carea' id='block_1_4' title="bbox 167 1655 1452 3017">
    <p class='ocr_par' dir='ltr' id='par_1_5' title="bbox 170 1655 1452 1839">
     <span class='ocr_line' id='line_1_13' title="bbox 170 1655 1452 1744; baseline 0.001 -22"><span class='ocrx_word' id='word_1_93' title='bbox 170 1660 281 1744; x_wconf 88' lang='lat' dir='ltr'><strong>Atque</strong></span> <span class='ocrx_word' id='word_1_94' title='bbox 305 1657 431 1741; x_wconf 87' lang='lat' dir='ltr'><strong>eadem,</strong></span> <span class='ocrx_word' id='word_1_95' title='bbox 457 1677 532 1722; x_wconf 88' lang='lat' dir='ltr'><strong>cum</strong></span> <span class='ocrx_word' id='word_1_96' title='bbox 548 1655 704 1723; x_wconf 91' lang='lat' dir='ltr'><strong>Philinna</strong></span> <span class='ocrx_word' id='word_1_97' title='bbox 727 1678 785 1723; x_wconf 89' lang='lat' dir='ltr'><strong>cur</strong></span> <span class='ocrx_word' id='word_1_98' title='bbox 804 1656 1026 1723; x_wconf 86' lang='lat' dir='ltr'><strong>recedendum</strong></span> <span class='ocrx_word' id='word_1_99' title='bbox 1043 1657 1170 1722; x_wconf 90' lang='lat' dir='ltr'><strong>sitnon</strong></span> <span class='ocrx_word' id='word_1_100' title='bbox 1184 1656 1367 1741; x_wconf 84' lang='lat' dir='ltr'><strong>intellegat,</strong></span> <span class='ocrx_word' id='word_1_101' title='bbox 1393 1656 1452 1723; x_wconf 92' lang='lat' dir='ltr'><strong>sed</strong></span> 
     </span>
     <span class='ocr_line' id='line_1_14' title="bbox 171 1753 1033 1839; baseline 0 -19"><span class='ocrx_word' id='word_1_102' title='bbox 171 1758 286 1821; x_wconf 82' lang='lat' dir='ltr'><strong>contra</strong></span> <span class='ocrx_word' id='word_1_103' title='bbox 309 1753 399 1820; x_wconf 72' lang='lat' dir='ltr'><strong>Most</strong></span> <span class='ocrx_word' id='word_1_104' title='bbox 680 1757 710 1819; x_wconf 86' lang='grc' dir='ltr'><strong>τί</strong></span> <span class='ocrx_word' id='word_1_105' title='bbox 731 1757 763 1820; x_wconf 85' lang='lat' dir='ltr'><strong>d’</strong></span> <span class='ocrx_word' id='word_1_106' title='bbox 790 1757 866 1838; x_wconf 80' lang='grc' dir='ltr'><strong><em>ἡμῖν</em></strong></span> <span class='ocrx_word' id='word_1_107' title='bbox 889 1756 955 1820; x_wconf 81' lang='grc' dir='ltr'><strong><em>εἶπέ</em></strong></span> <span class='ocrx_word' id='word_1_108' title='bbox 977 1780 1033 1839; x_wconf 88' lang='grc' dir='ltr'><strong>μοι</strong></span> 
     </span>
    </p>

    <p class='ocr_par' dir='ltr' id='par_1_6' title="bbox 167 1849 1452 3017">
     <span class='ocr_line' id='line_1_15' title="bbox 484 1849 1452 1942; baseline 0.002 -26"><span class='ocrx_word' id='word_1_109' title='bbox 484 1849 632 1942; x_wconf 79' lang='grc' dir='ltr'><strong>(τούτου)</strong></span> <span class='ocrx_word' id='word_1_110' title='bbox 654 1855 784 1936; x_wconf 50' lang='lat' dir='ltr'><strong>petam)</strong></span> <span class='ocrx_word' id='word_1_111' title='bbox 1004 1852 1108 1918; x_wconf 87' lang='lat' dir='ltr'><strong>finem</strong></span> <span class='ocrx_word' id='word_1_112' title='bbox 1141 1851 1225 1919; x_wconf 86' lang='lat' dir='ltr'><strong>facit</strong></span> <span class='ocrx_word' id='word_1_113' title='bbox 1258 1851 1452 1937; x_wconf 85' lang='lat' dir='ltr'><strong>disputandi</strong></span> 
     </span>
     <span class='ocr_line' id='line_1_16' title="bbox 171 1949 1450 2037; baseline -0.001 -20"><span class='ocrx_word' id='word_1_114' title='bbox 171 1972 245 2017; x_wconf 89' lang='lat' dir='ltr'><strong>oum</strong></span> <span class='ocrx_word' id='word_1_115' title='bbox 275 1949 455 2037; x_wconf 87' lang='lat' dir='ltr'><strong>respondet</strong></span> <span class='ocrx_word' id='word_1_116' title='bbox 489 1953 588 2016; x_wconf 77' lang='grc' dir='ltr'><strong><em>καλόν</em></strong></span> <span class='ocrx_word' id='word_1_117' title='bbox 620 1955 652 2035; x_wconf 80' lang='grc' dir='ltr'><strong>γ’</strong></span> <span class='ocrx_word' id='word_1_118' title='bbox 678 1955 717 2015; x_wconf 83' lang='grc' dir='ltr'><strong>ἂν</strong></span> <span class='ocrx_word' id='word_1_119' title='bbox 748 1954 805 2034; x_wconf 83' lang='grc' dir='ltr'><em>εἴη,</em></span> <span class='ocrx_word' id='word_1_120' title='bbox 835 1952 874 2033; x_wconf 82' lang='grc' dir='ltr'><strong>νὴ</strong></span> <span class='ocrx_word' id='word_1_121' title='bbox 898 1950 957 2014; x_wconf 86' lang='grc' dir='ltr'><strong>Δία</strong></span> <span class='ocrx_word' id='word_1_122' title='bbox 989 1951 1056 2016; x_wconf 90' lang='lat' dir='ltr'><strong>scil.</strong></span> <span class='ocrx_word' id='word_1_123' title='bbox 1083 1953 1303 2034; x_wconf 67' lang='lat' dir='ltr'><strong>portmauro.</strong></span> <span class='ocrx_word' id='word_1_124' title='bbox 1357 1949 1450 2030; x_wconf 80' lang='lat' dir='ltr'><strong>Quae</strong></span> 
     </span>
     <span class='ocr_line' id='line_1_17' title="bbox 169 2047 1449 2136; baseline 0 -23"><span class='ocrx_word' id='word_1_125' title='bbox 169 2049 274 2115; x_wconf 88' lang='lat' dir='ltr'><strong>uerba</strong></span> <span class='ocrx_word' id='word_1_126' title='bbox 295 2048 484 2136; x_wconf 86' lang='lat' dir='ltr'><strong>Myrrhinae</strong></span> <span class='ocrx_word' id='word_1_127' title='bbox 517 2049 657 2132; x_wconf 84' lang='lat' dir='ltr'><strong>abrogat</strong></span> <span class='ocrx_word' id='word_1_128' title='bbox 680 2048 801 2114; x_wconf 89' lang='lat' dir='ltr'><strong>Kaibel</strong></span> <span class='ocrx_word' id='word_1_129' title='bbox 830 2047 850 2115; x_wconf 90' lang='lat' dir='ltr'><strong>l.</strong></span> <span class='ocrx_word' id='word_1_130' title='bbox 875 2070 899 2114; x_wconf 88' lang='lat' dir='ltr'><strong>s.</strong></span> <span class='ocrx_word' id='word_1_131' title='bbox 930 2070 960 2135; x_wconf 89' lang='lat' dir='ltr'><strong>p.</strong></span> <span class='ocrx_word' id='word_1_132' title='bbox 980 2048 1042 2113; x_wconf 86' lang='grc'><strong>157</strong></span> <span class='ocrx_word' id='word_1_133' title='bbox 1071 2047 1146 2115; x_wconf 89' lang='lat' dir='ltr'><strong>adn.</strong></span> <span class='ocrx_word' id='word_1_134' title='bbox 1170 2050 1204 2114; x_wconf 83' lang='lat'><strong>8:</strong></span> <span class='ocrx_word' id='word_1_135' title='bbox 1237 2049 1308 2115; x_wconf 83' lang='lat' dir='ltr'><strong>‘Die</strong></span> <span class='ocrx_word' id='word_1_136' title='bbox 1332 2049 1449 2116; x_wconf 91' lang='lat' dir='ltr'><strong>Worte</strong></span> 
     </span>
     <span class='ocr_line' id='line_1_18' title="bbox 169 2144 1450 2233; baseline -0.002 -21"><span class='ocrx_word' id='word_1_137' title='bbox 169 2149 267 2212; x_wconf 76' lang='grc' dir='ltr'><strong><em>καλόν</em></strong></span> <span class='ocrx_word' id='word_1_138' title='bbox 290 2151 322 2230; x_wconf 81' lang='grc' dir='ltr'><strong>γ’</strong></span> <span class='ocrx_word' id='word_1_139' title='bbox 348 2151 466 2231; x_wconf 84' lang='grc' dir='ltr'><strong><em>ἂνεῖη,</em></strong></span> <span class='ocrx_word' id='word_1_140' title='bbox 490 2148 528 2232; x_wconf 83' lang='grc' dir='ltr'><strong>νὴ</strong></span> <span class='ocrx_word' id='word_1_141' title='bbox 553 2148 612 2212; x_wconf 84' lang='grc' dir='ltr'><strong>Δία</strong></span> <span class='ocrx_word' id='word_1_142' title='bbox 637 2147 698 2230; x_wconf 74' lang='lat'><strong>(34)</strong></span> <span class='ocrx_word' id='word_1_143' title='bbox 731 2147 803 2230; x_wconf 82' lang='lat' dir='ltr'><strong>gibt</strong></span> <span class='ocrx_word' id='word_1_144' title='bbox 833 2167 913 2212; x_wconf 82' lang='lat' dir='ltr'><strong>man</strong></span> <span class='ocrx_word' id='word_1_145' title='bbox 937 2147 994 2212; x_wconf 86' lang='lat' dir='ltr'><strong>der</strong></span> <span class='ocrx_word' id='word_1_146' title='bbox 1016 2145 1194 2233; x_wconf 75' lang='lat' dir='ltr'><strong>Myrrhine,</strong></span> <span class='ocrx_word' id='word_1_147' title='bbox 1225 2144 1355 2212; x_wconf 74' lang='lat' dir='ltr'><strong>findis</strong></span> <span class='ocrx_word' id='word_1_148' title='bbox 1380 2145 1450 2212; x_wconf 83' lang='lat' dir='ltr'><strong>sich</strong></span> 
     </span>
     <span class='ocr_line' id='line_1_19' title="bbox 170 2243 1451 2327; baseline 0 -17"><span class='ocrx_word' id='word_1_149' title='bbox 170 2245 223 2310; x_wconf 91' lang='lat' dir='ltr'><strong>ein</strong></span> <span class='ocrx_word' id='word_1_150' title='bbox 246 2245 358 2326; x_wconf 84' lang='lat' dir='ltr'><strong>Fluch,</strong></span> <span class='ocrx_word' id='word_1_151' title='bbox 389 2244 460 2310; x_wconf 92' lang='lat' dir='ltr'><strong>und</strong></span> <span class='ocrx_word' id='word_1_152' title='bbox 490 2245 540 2310; x_wconf 90' lang='lat' dir='ltr'><strong>sei</strong></span> <span class='ocrx_word' id='word_1_153' title='bbox 571 2267 606 2310; x_wconf 90' lang='lat' dir='ltr'><strong>er</strong></span> <span class='ocrx_word' id='word_1_154' title='bbox 636 2245 724 2312; x_wconf 85' lang='lat' dir='ltr'><strong>noch</strong></span> <span class='ocrx_word' id='word_1_155' title='bbox 748 2266 785 2311; x_wconf 91' lang='lat' dir='ltr'><strong>so</strong></span> <span class='ocrx_word' id='word_1_156' title='bbox 809 2244 927 2326; x_wconf 90' lang='lat' dir='ltr'><strong>urban,</strong></span> <span class='ocrx_word' id='word_1_157' title='bbox 960 2243 1044 2310; x_wconf 86' lang='lat' dir='ltr'><strong>doch</strong></span> <span class='ocrx_word' id='word_1_158' title='bbox 1068 2245 1179 2327; x_wconf 85' lang='lat' dir='ltr'><strong>wenig</strong></span> <span class='ocrx_word' id='word_1_159' title='bbox 1201 2244 1339 2310; x_wconf 86' lang='lat' dir='ltr'><strong>sohickt.</strong></span> <span class='ocrx_word' id='word_1_160' title='bbox 1384 2244 1451 2310; x_wconf 91' lang='lat' dir='ltr'><strong>Der</strong></span> 
     </span>
     <span class='ocr_line' id='line_1_20' title="bbox 169 2340 1449 2429; baseline 0 -21"><span class='ocrx_word' id='word_1_161' title='bbox 169 2342 252 2408; x_wconf 83' lang='lat' dir='ltr'><strong>Sinn</strong></span> <span class='ocrx_word' id='word_1_162' title='bbox 268 2342 400 2410; x_wconf 90' lang='lat' dir='ltr'><strong>soheint</strong></span> <span class='ocrx_word' id='word_1_163' title='bbox 414 2366 456 2408; x_wconf 84' lang='lat' dir='ltr'><strong>zu</strong></span> <span class='ocrx_word' id='word_1_164' title='bbox 471 2344 544 2409; x_wconf 89' lang='lat' dir='ltr'><strong>sein</strong></span> <span class='ocrx_word' id='word_1_165' title='bbox 568 2341 640 2408; x_wconf 83' lang='lat' dir='ltr'><strong>‘das</strong></span> <span class='ocrx_word' id='word_1_166' title='bbox 655 2343 782 2410; x_wconf 81' lang='lat' dir='ltr'><strong>kdnnte</strong></span> <span class='ocrx_word' id='word_1_167' title='bbox 798 2344 861 2408; x_wconf 92' lang='lat' dir='ltr'><strong>mir</strong></span> <span class='ocrx_word' id='word_1_168' title='bbox 876 2342 997 2425; x_wconf 85' lang='lat' dir='ltr'><strong>gerade</strong></span> <span class='ocrx_word' id='word_1_169' title='bbox 1013 2347 1147 2429; x_wconf 86' lang='lat' dir='ltr'><strong>passen’</strong></span> <span class='ocrx_word' id='word_1_170' title='bbox 1172 2344 1251 2409; x_wconf 90' lang='lat' dir='ltr'><strong>oder</strong></span> <span class='ocrx_word' id='word_1_171' title='bbox 1270 2340 1342 2408; x_wconf 81' lang='lat' dir='ltr'><strong>‘das</strong></span> <span class='ocrx_word' id='word_1_172' title='bbox 1358 2347 1449 2408; x_wconf 76' lang='lat' dir='ltr'><strong>ware</strong></span> 
     </span>
     <span class='ocr_line' id='line_1_21' title="bbox 168 2439 1450 2527; baseline -0.001 -20"><span class='ocrx_word' id='word_1_173' title='bbox 168 2440 254 2507; x_wconf 87' lang='lat' dir='ltr'><strong>noch</strong></span> <span class='ocrx_word' id='word_1_174' title='bbox 278 2441 438 2523; x_wconf 79' lang='lat' dir='ltr'><strong>sohdner’,</strong></span> <span class='ocrx_word' id='word_1_175' title='bbox 462 2444 554 2508; x_wconf 89' lang='lat' dir='ltr'><strong>etwa</strong></span> <span class='ocrx_word' id='word_1_176' title='bbox 576 2441 642 2507; x_wconf 87' lang='lat' dir='ltr'><strong>wie</strong></span> <span class='ocrx_word' id='word_1_177' title='bbox 666 2440 726 2506; x_wconf 87' lang='lat' dir='ltr'><strong>das</strong></span> <span class='ocrx_word' id='word_1_178' title='bbox 749 2439 944 2507; x_wconf 86' lang='lat' dir='ltr'><strong>lateinische</strong></span> <span class='ocrx_word' id='word_1_179' title='bbox 968 2440 1088 2506; x_wconf 85' lang='lat' dir='ltr'><strong>‘hercle</strong></span> <span class='ocrx_word' id='word_1_180' title='bbox 1113 2439 1244 2527; x_wconf 91' lang='lat' dir='ltr'><strong>quidem</strong></span> <span class='ocrx_word' id='word_1_181' title='bbox 1269 2442 1371 2506; x_wconf 85' lang='lat' dir='ltr'><strong>etiam</strong></span> <span class='ocrx_word' id='word_1_182' title='bbox 1385 2441 1450 2506; x_wconf 91' lang='lat' dir='ltr'><strong>hoc</strong></span> 
     </span>
     <span class='ocr_line' id='line_1_22' title="bbox 167 2537 1449 2622; baseline 0 -18"><span class='ocrx_word' id='word_1_183' title='bbox 167 2541 285 2605; x_wconf 87' lang='lat' dir='ltr'><strong>restat&#39;</strong></span> <span class='ocrx_word' id='word_1_184' title='bbox 311 2539 391 2620; x_wconf 82' lang='lat' dir='ltr'><strong>(Ter.</strong></span> <span class='ocrx_word' id='word_1_185' title='bbox 408 2538 469 2604; x_wconf 93' lang='lat' dir='ltr'><strong>Ad.</strong></span> <span class='ocrx_word' id='word_1_186' title='bbox 488 2537 570 2622; x_wconf 79' lang='lat'><strong>190).</strong></span> <span class='ocrx_word' id='word_1_187' title='bbox 605 2537 718 2604; x_wconf 86' lang='lat' dir='ltr'><strong>Sicher</strong></span> <span class='ocrx_word' id='word_1_188' title='bbox 734 2542 817 2621; x_wconf 85' lang='lat' dir='ltr'><strong>sagt</strong></span> <span class='ocrx_word' id='word_1_189' title='bbox 841 2538 901 2605; x_wconf 89' lang='lat' dir='ltr'><strong>das</strong></span> <span class='ocrx_word' id='word_1_190' title='bbox 924 2537 1099 2605; x_wconf 73' lang='lat' dir='ltr'><strong>Philinna?</strong></span> <span class='ocrx_word' id='word_1_191' title='bbox 1137 2541 1183 2604; x_wconf 89' lang='lat' dir='ltr'><strong>At</strong></span> <span class='ocrx_word' id='word_1_192' title='bbox 1205 2537 1289 2604; x_wconf 90' lang='lat' dir='ltr'><strong>nihil</strong></span> <span class='ocrx_word' id='word_1_193' title='bbox 1312 2537 1449 2604; x_wconf 87' lang='lat' dir='ltr'><strong>demon-</strong></span> 
     </span>
     <span class='ocr_line' id='line_1_23' title="bbox 169 2635 1448 2723; baseline -0.001 -20"><span class='ocrx_word' id='word_1_194' title='bbox 169 2637 330 2703; x_wconf 88' lang='lat' dir='ltr'><strong>strauisse</strong></span> <span class='ocrx_word' id='word_1_195' title='bbox 353 2636 434 2702; x_wconf 91' lang='lat' dir='ltr'><strong>mihi</strong></span> <span class='ocrx_word' id='word_1_196' title='bbox 458 2637 592 2722; x_wconf 90' lang='lat' dir='ltr'><strong>quidem</strong></span> <span class='ocrx_word' id='word_1_197' title='bbox 614 2635 756 2702; x_wconf 88' lang='lat' dir='ltr'><strong>uidetur.</strong></span> <span class='ocrx_word' id='word_1_198' title='bbox 802 2635 918 2723; x_wconf 91' lang='lat' dir='ltr'><strong>Neque</strong></span> <span class='ocrx_word' id='word_1_199' title='bbox 943 2637 1030 2702; x_wconf 90' lang='lat' dir='ltr'><strong>enim</strong></span> <span class='ocrx_word' id='word_1_200' title='bbox 1054 2635 1158 2702; x_wconf 91' lang='lat' dir='ltr'><strong>ullum</strong></span> <span class='ocrx_word' id='word_1_201' title='bbox 1183 2638 1296 2723; x_wconf 88' lang='lat' dir='ltr'><strong>potest</strong></span> <span class='ocrx_word' id='word_1_202' title='bbox 1315 2636 1448 2723; x_wconf 88' lang='lat' dir='ltr'><strong>reperiri</strong></span> 
     </span>
     <span class='ocr_line' id='line_1_24' title="bbox 169 2733 1449 2822; baseline -0.002 -21"><span class='ocrx_word' id='word_1_203' title='bbox 169 2735 358 2821; x_wconf 85' lang='lat' dir='ltr'><strong>exemplum</strong></span> <span class='ocrx_word' id='word_1_204' title='bbox 375 2757 471 2822; x_wconf 92' lang='lat' dir='ltr'><strong>equo</strong></span> <span class='ocrx_word' id='word_1_205' title='bbox 487 2737 587 2800; x_wconf 77' lang='grc' dir='ltr'><strong><em>καλόν</em></strong></span> <span class='ocrx_word' id='word_1_206' title='bbox 604 2738 635 2818; x_wconf 80' lang='grc' dir='ltr'><strong>γ’</strong></span> <span class='ocrx_word' id='word_1_207' title='bbox 650 2739 690 2799; x_wconf 80' lang='grc' dir='ltr'><strong>ἂν</strong></span> <span class='ocrx_word' id='word_1_208' title='bbox 706 2738 752 2818; x_wconf 87' lang='grc' dir='ltr'><strong>εἴη</strong></span> <span class='ocrx_word' id='word_1_209' title='bbox 769 2735 858 2800; x_wconf 86' lang='lat' dir='ltr'><strong>hano</strong></span> <span class='ocrx_word' id='word_1_210' title='bbox 870 2755 972 2820; x_wconf 92' lang='lat' dir='ltr'><strong>quam</strong></span> <span class='ocrx_word' id='word_1_211' title='bbox 984 2733 1105 2800; x_wconf 91' lang='lat' dir='ltr'><strong>Kaibol</strong></span> <span class='ocrx_word' id='word_1_212' title='bbox 1116 2735 1164 2800; x_wconf 89' lang='lat' dir='ltr'><strong>eis</strong></span> <span class='ocrx_word' id='word_1_213' title='bbox 1175 2735 1287 2801; x_wconf 90' lang='lat' dir='ltr'><strong>uerbis</strong></span> <span class='ocrx_word' id='word_1_214' title='bbox 1299 2733 1449 2800; x_wconf 89' lang='lat' dir='ltr'><strong>uindicat</strong></span> 
     </span>
     <span class='ocr_line' id='line_1_25' title="bbox 168 2831 1448 2919; baseline -0.001 -21"><span class='ocrx_word' id='word_1_215' title='bbox 168 2833 340 2899; x_wconf 84' lang='lat' dir='ltr'><strong>notionem</strong></span> <span class='ocrx_word' id='word_1_216' title='bbox 371 2834 505 2900; x_wconf 91' lang='lat' dir='ltr'><strong>omnino</strong></span> <span class='ocrx_word' id='word_1_217' title='bbox 529 2833 653 2900; x_wconf 89' lang='lat' dir='ltr'><strong>habere</strong></span> <span class='ocrx_word' id='word_1_218' title='bbox 677 2831 852 2919; x_wconf 82' lang='lat' dir='ltr'><strong>adpareat3</strong></span> <span class='ocrx_word' id='word_1_219' title='bbox 884 2853 945 2898; x_wconf 87' lang='lat' dir='ltr'><strong>neo</strong></span> <span class='ocrx_word' id='word_1_220' title='bbox 968 2832 1074 2898; x_wconf 87' lang='lat' dir='ltr'><strong>dioere</strong></span> <span class='ocrx_word' id='word_1_221' title='bbox 1098 2834 1137 2917; x_wconf 83' lang='grc' dir='ltr'><strong>νὴ</strong></span> <span class='ocrx_word' id='word_1_222' title='bbox 1162 2833 1220 2897; x_wconf 86' lang='grc' dir='ltr'><strong>Δία</strong></span> <span class='ocrx_word' id='word_1_223' title='bbox 1244 2831 1448 2919; x_wconf 89' lang='lat' dir='ltr'><strong>Myrrhinam</strong></span> 
     </span>
     <span class='ocr_line' id='line_1_26' title="bbox 169 2928 1449 3017; baseline -0.002 -21"><span class='ocrx_word' id='word_1_224' title='bbox 169 2928 326 2996; x_wconf 86' lang='lat' dir='ltr'><strong>dedecere</strong></span> <span class='ocrx_word' id='word_1_225' title='bbox 350 2934 496 3014; x_wconf 82' lang='lat' dir='ltr'><strong>constat3</strong></span> <span class='ocrx_word' id='word_1_226' title='bbox 520 2952 629 3017; x_wconf 91' lang='lat' dir='ltr'><strong>neque</strong></span> <span class='ocrx_word' id='word_1_227' title='bbox 654 2931 682 2996; x_wconf 90' lang='lat' dir='ltr'><strong>si</strong></span> <span class='ocrx_word' id='word_1_228' title='bbox 706 2931 911 3012; x_wconf 73' lang='lat' dir='ltr'><strong>constaret,⁸)</strong></span> <span class='ocrx_word' id='word_1_229' title='bbox 934 2929 998 2996; x_wconf 89' lang='lat' dir='ltr'><strong>hoc</strong></span> <span class='ocrx_word' id='word_1_230' title='bbox 1022 2933 1256 3013; x_wconf 84' lang='lat' dir='ltr'><strong>argumentum</strong></span> <span class='ocrx_word' id='word_1_231' title='bbox 1280 2929 1449 2996; x_wconf 84' lang='lat' dir='ltr'><strong>sufficeret</strong></span> 
     </span>
    </p>
   </div>
   <div class='ocr_carea' id='block_1_5' title="bbox 168 3026 1448 3408">
    <p class='ocr_par' dir='ltr' id='par_1_7' title="bbox 168 3026 1448 3118">
     <span class='ocr_line' id='line_1_27' title="bbox 168 3026 1448 3118; baseline -0.003 -22"><span class='ocrx_word' id='word_1_232' title='bbox 168 3029 212 3096; x_wconf 92' lang='lat' dir='ltr'><strong>ad</strong></span> <span class='ocrx_word' id='word_1_233' title='bbox 228 3027 405 3094; x_wconf 91' lang='lat' dir='ltr'><strong>delendum</strong></span> <span class='ocrx_word' id='word_1_234' title='bbox 420 3049 641 3118; x_wconf 90' lang='lat' dir='ltr'><strong>personarum</strong></span> <span class='ocrx_word' id='word_1_235' title='bbox 657 3029 854 3094; x_wconf 88' lang='lat' dir='ltr'><strong>mutationis</strong></span> <span class='ocrx_word' id='word_1_236' title='bbox 871 3049 972 3115; x_wconf 92' lang='lat' dir='ltr'><strong>quam</strong></span> <span class='ocrx_word' id='word_1_237' title='bbox 989 3026 1196 3115; x_wconf 87' lang='lat' dir='ltr'><strong>adpellamus</strong></span> <span class='ocrx_word' id='word_1_238' title='bbox 1212 3028 1345 3111; x_wconf 86' lang='lat' dir='ltr'><strong>signum</strong></span> <span class='ocrx_word' id='word_1_239' title='bbox 1359 3027 1448 3114; x_wconf 92' lang='lat' dir='ltr'><strong>quod</strong></span> 
     </span>
    </p>

    <p class='ocr_par' dir='ltr' id='par_1_8' title="bbox 168 3124 1448 3212">
     <span class='ocr_line' id='line_1_28' title="bbox 168 3124 1448 3212; baseline -0.002 -20"><span class='ocrx_word' id='word_1_240' title='bbox 168 3126 324 3192; x_wconf 86' lang='lat' dir='ltr'><strong>distincte</strong></span> <span class='ocrx_word' id='word_1_241' title='bbox 348 3127 401 3192; x_wconf 90' lang='lat' dir='ltr'><strong>est</strong></span> <span class='ocrx_word' id='word_1_242' title='bbox 424 3124 595 3208; x_wconf 83' lang='lat' dir='ltr'><strong>traditum,</strong></span> <span class='ocrx_word' id='word_1_243' title='bbox 625 3126 685 3192; x_wconf 90' lang='lat' dir='ltr'><strong>sed</strong></span> <span class='ocrx_word' id='word_1_244' title='bbox 707 3125 926 3194; x_wconf 90' lang='lat' dir='ltr'><strong>statuendum</strong></span> <span class='ocrx_word' id='word_1_245' title='bbox 951 3130 1042 3191; x_wconf 90' lang='lat' dir='ltr'><strong>esset</strong></span> <span class='ocrx_word' id='word_1_246' title='bbox 1063 3125 1266 3212; x_wconf 89' lang='lat' dir='ltr'><strong>Myrrhinam</strong></span> <span class='ocrx_word' id='word_1_247' title='bbox 1290 3125 1448 3210; x_wconf 89' lang='lat' dir='ltr'><strong>temporis</strong></span> 
     </span>
    </p>

    <p class='ocr_par' dir='ltr' id='par_1_9' title="bbox 168 3221 1447 3408">
     <span class='ocr_line' id='line_1_29' title="bbox 168 3221 1366 3311; baseline 0.002 -23"><span class='ocrx_word' id='word_1_248' title='bbox 168 3221 354 3290; x_wconf 87' lang='lat' dir='ltr'><strong>discrimine</strong></span> <span class='ocrx_word' id='word_1_249' title='bbox 378 3226 580 3290; x_wconf 87' lang='lat' dir='ltr'><strong>commotam</strong></span> <span class='ocrx_word' id='word_1_250' title='bbox 603 3223 727 3310; x_wconf 89' lang='lat' dir='ltr'><strong>aliquid</strong></span> <span class='ocrx_word' id='word_1_251' title='bbox 752 3223 974 3311; x_wconf 90' lang='lat' dir='ltr'><strong>quodminus</strong></span> <span class='ocrx_word' id='word_1_252' title='bbox 999 3243 1074 3290; x_wconf 91' lang='lat' dir='ltr'><strong>eam</strong></span> <span class='ocrx_word' id='word_1_253' title='bbox 1097 3222 1228 3289; x_wconf 86' lang='lat' dir='ltr'><strong>deceret</strong></span> <span class='ocrx_word' id='word_1_254' title='bbox 1252 3223 1366 3290; x_wconf 87' lang='lat' dir='ltr'><strong>dicere.</strong></span> 
     </span>
     <span class='ocr_line' id='line_1_30' title="bbox 275 3319 1447 3408; baseline 0 -21"><span class='ocrx_word' id='word_1_255' title='bbox 275 3322 499 3388; x_wconf 82' lang='lat' dir='ltr'><strong>Transeamus</strong></span> <span class='ocrx_word' id='word_1_256' title='bbox 523 3321 565 3386; x_wconf 93' lang='lat' dir='ltr'><strong>ad</strong></span> <span class='ocrx_word' id='word_1_257' title='bbox 590 3342 747 3388; x_wconf 84' lang='lat' dir='ltr'><strong>scaenam</strong></span> <span class='ocrx_word' id='word_1_258' title='bbox 762 3320 854 3388; x_wconf 90' lang='lat' dir='ltr'><strong>illam</strong></span> <span class='ocrx_word' id='word_1_259' title='bbox 870 3343 938 3408; x_wconf 90' lang='lat' dir='ltr'><strong>qua</strong></span> <span class='ocrx_word' id='word_1_260' title='bbox 953 3323 1070 3387; x_wconf 90' lang='lat' dir='ltr'><strong>Dauus</strong></span> <span class='ocrx_word' id='word_1_261' title='bbox 1086 3343 1204 3387; x_wconf 89' lang='lat' dir='ltr'><strong>seruus</strong></span> <span class='ocrx_word' id='word_1_262' title='bbox 1220 3319 1447 3405; x_wconf 80' lang='lat' dir='ltr'><strong>introducitur,</strong></span> 
     </span>
    </p>
   </div>
   <div class='ocr_carea' id='block_1_6' title="bbox 164 3533 1448 4725">
    <p class='ocr_par' dir='ltr' id='par_1_10' title="bbox 165 3533 1448 4086">
     <span class='ocr_line' id='line_1_31' title="bbox 276 3533 1448 3606; baseline -0.001 -17"><span class='ocrx_word' id='word_1_263' title='bbox 276 3536 294 3605; x_wconf 85' lang='lat'><strong>¹)</strong></span> <span class='ocrx_word' id='word_1_264' title='bbox 314 3534 394 3602; x_wconf 80' lang='lat' dir='ltr'><strong>Quod</strong></span> <span class='ocrx_word' id='word_1_265' title='bbox 418 3533 468 3606; x_wconf 80' lang='grc' dir='ltr'><strong>γὰρ</strong></span> <span class='ocrx_word' id='word_1_266' title='bbox 493 3536 523 3590; x_wconf 91' lang='lat' dir='ltr'><strong>in</strong></span> <span class='ocrx_word' id='word_1_267' title='bbox 547 3551 631 3590; x_wconf 90' lang='lat' dir='ltr'><strong>uersu</strong></span> <span class='ocrx_word' id='word_1_268' title='bbox 655 3533 769 3590; x_wconf 86' lang='lat' dir='ltr'><strong>ineunte</strong></span> <span class='ocrx_word' id='word_1_269' title='bbox 788 3534 978 3606; x_wconf 89' lang='lat' dir='ltr'><strong>suppleuimus</strong></span> <span class='ocrx_word' id='word_1_270' title='bbox 997 3533 1068 3589; x_wconf 91' lang='lat' dir='ltr'><strong>nihil</strong></span> <span class='ocrx_word' id='word_1_271' title='bbox 1086 3534 1174 3589; x_wconf 89' lang='lat' dir='ltr'><strong>habet</strong></span> <span class='ocrx_word' id='word_1_272' title='bbox 1192 3533 1362 3589; x_wconf 86' lang='lat' dir='ltr'><strong>ofiensionis</strong></span> <span class='ocrx_word' id='word_1_273' title='bbox 1380 3534 1448 3606; x_wconf 89' lang='lat' dir='ltr'><strong>quia</strong></span> 
     </span>
     <span class='ocr_line' id='line_1_32' title="bbox 166 3611 1448 3687; baseline -0.002 -17"><span class='ocrx_word' id='word_1_274' title='bbox 166 3615 253 3670; x_wconf 88' lang='lat' dir='ltr'><strong>etiam</strong></span> <span class='ocrx_word' id='word_1_275' title='bbox 272 3611 301 3667; x_wconf 82' lang='grc' dir='ltr'><strong>δὲ</strong></span> <span class='ocrx_word' id='word_1_276' title='bbox 318 3615 464 3686; x_wconf 88' lang='lat' dir='ltr'><strong>particula,</strong></span> <span class='ocrx_word' id='word_1_277' title='bbox 483 3615 512 3670; x_wconf 93' lang='lat' dir='ltr'><strong>id</strong></span> <span class='ocrx_word' id='word_1_278' title='bbox 525 3616 600 3687; x_wconf 92' lang='lat' dir='ltr'><strong>quod</strong></span> <span class='ocrx_word' id='word_1_279' title='bbox 613 3614 769 3670; x_wconf 75' lang='lat' dir='ltr'><strong>Fridericus</strong></span> <span class='ocrx_word' id='word_1_280' title='bbox 782 3615 861 3670; x_wconf 82' lang='lat' dir='ltr'><strong>Marx</strong></span> <span class='ocrx_word' id='word_1_281' title='bbox 873 3631 918 3669; x_wconf 89' lang='lat' dir='ltr'><strong>me</strong></span> <span class='ocrx_word' id='word_1_282' title='bbox 931 3617 1036 3679; x_wconf 89' lang='lat' dir='ltr'><strong>monet,</strong></span> <span class='ocrx_word' id='word_1_283' title='bbox 1054 3630 1152 3668; x_wconf 88' lang='lat' dir='ltr'><strong>uersus</strong></span> <span class='ocrx_word' id='word_1_284' title='bbox 1164 3614 1255 3684; x_wconf 89' lang='lat' dir='ltr'><strong>prima</strong></span> <span class='ocrx_word' id='word_1_285' title='bbox 1267 3614 1334 3668; x_wconf 88' lang='lat' dir='ltr'><strong>sede</strong></span> <span class='ocrx_word' id='word_1_286' title='bbox 1345 3612 1448 3683; x_wconf 79' lang='lat' dir='ltr'><strong>legitur</strong></span> 
     </span>
     <span class='ocr_line' id='line_1_33' title="bbox 166 3691 1447 3766; baseline -0.003 -16"><span class='ocrx_word' id='word_1_287' title='bbox 166 3694 196 3750; x_wconf 91' lang='lat' dir='ltr'><strong>in</strong></span> <span class='ocrx_word' id='word_1_288' title='bbox 215 3695 376 3765; x_wconf 85' lang='lat' dir='ltr'><strong>fragmento</strong></span> <span class='ocrx_word' id='word_1_289' title='bbox 402 3696 560 3766; x_wconf 88' lang='lat' dir='ltr'><strong>nuperrime</strong></span> <span class='ocrx_word' id='word_1_290' title='bbox 579 3713 597 3750; x_wconf 86' lang='lat' dir='ltr'><strong>a</strong></span> <span class='ocrx_word' id='word_1_291' title='bbox 615 3696 701 3750; x_wconf 85' lang='lat' dir='ltr'><strong>Petro</strong></span> <span class='ocrx_word' id='word_1_292' title='bbox 718 3696 844 3765; x_wconf 82' lang='lat' dir='ltr'><strong>Jouguet</strong></span> <span class='ocrx_word' id='word_1_293' title='bbox 862 3694 939 3750; x_wconf 86' lang='lat' dir='ltr'><strong>edito</strong></span> <span class='ocrx_word' id='word_1_294' title='bbox 959 3692 1028 3748; x_wconf 89' lang='lat' dir='ltr'><strong>Bull.</strong></span> <span class='ocrx_word' id='word_1_295' title='bbox 1043 3693 1167 3764; x_wconf 82' lang='lat' dir='ltr'><strong>Correap.</strong></span> <span class='ocrx_word' id='word_1_296' title='bbox 1180 3694 1250 3749; x_wconf 87' lang='lat' dir='ltr'><strong>Hell.</strong></span> <span class='ocrx_word' id='word_1_297' title='bbox 1266 3693 1335 3749; x_wconf 87' lang='grc'><strong>1906</strong></span> <span class='ocrx_word' id='word_1_298' title='bbox 1353 3710 1380 3765; x_wconf 92' lang='lat' dir='ltr'><strong>p.</strong></span> <span class='ocrx_word' id='word_1_299' title='bbox 1395 3691 1447 3747; x_wconf 88' lang='lat'><strong>114</strong></span> 
     </span>
     <span class='ocr_line' id='line_1_34' title="bbox 166 3773 1445 3847; baseline -0.002 -18"><span class='ocrx_word' id='word_1_300' title='bbox 166 3773 204 3829; x_wconf 91' lang='lat'><strong>111</strong></span> <span class='ocrx_word' id='word_1_301' title='bbox 217 3791 243 3828; x_wconf 88' lang='lat' dir='ltr'><strong>u.</strong></span> <span class='ocrx_word' id='word_1_302' title='bbox 255 3774 285 3840; x_wconf 83' lang='lat'><strong>8;</strong></span> <span class='ocrx_word' id='word_1_303' title='bbox 306 3775 340 3829; x_wconf 92' lang='lat' dir='ltr'><strong>de</strong></span> <span class='ocrx_word' id='word_1_304' title='bbox 359 3790 413 3846; x_wconf 89' lang='lat' dir='ltr'><strong>quo</strong></span> <span class='ocrx_word' id='word_1_305' title='bbox 431 3775 594 3846; x_wconf 82' lang='lat' dir='ltr'><strong>fragmento</strong></span> <span class='ocrx_word' id='word_1_306' title='bbox 614 3776 689 3847; x_wconf 92' lang='lat' dir='ltr'><strong>quod</strong></span> <span class='ocrx_word' id='word_1_307' title='bbox 708 3775 853 3829; x_wconf 86' lang='lat' dir='ltr'><strong>Menandri</strong></span> <span class='ocrx_word' id='word_1_308' title='bbox 872 3778 969 3844; x_wconf 88' lang='lat' dir='ltr'><strong>potest</strong></span> <span class='ocrx_word' id='word_1_309' title='bbox 987 3789 1058 3838; x_wconf 87' lang='lat' dir='ltr'><strong>esse,</strong></span> <span class='ocrx_word' id='word_1_310' title='bbox 1079 3790 1143 3828; x_wconf 90' lang='lat' dir='ltr'><strong>cum</strong></span> <span class='ocrx_word' id='word_1_311' title='bbox 1161 3777 1313 3845; x_wconf 86' lang='lat' dir='ltr'><strong>postquam</strong></span> <span class='ocrx_word' id='word_1_312' title='bbox 1331 3774 1368 3827; x_wconf 87' lang='lat' dir='ltr'><strong>ad</strong></span> <span class='ocrx_word' id='word_1_313' title='bbox 1385 3789 1445 3826; x_wconf 92' lang='lat' dir='ltr'><strong>um·</strong></span> 
     </span>
     <span class='ocr_line' id='line_1_35' title="bbox 165 3853 1447 3925; baseline -0.002 -16"><span class='ocrx_word' id='word_1_314' title='bbox 165 3854 281 3909; x_wconf 86' lang='lat' dir='ltr'><strong>bilicum</strong></span> <span class='ocrx_word' id='word_1_315' title='bbox 307 3855 381 3909; x_wconf 89' lang='lat' dir='ltr'><strong>hanc</strong></span> <span class='ocrx_word' id='word_1_316' title='bbox 405 3855 633 3911; x_wconf 86' lang='lat' dir='ltr'><strong>dissertationem</strong></span> <span class='ocrx_word' id='word_1_317' title='bbox 658 3855 761 3910; x_wconf 86' lang='lat' dir='ltr'><strong>adduxi</strong></span> <span class='ocrx_word' id='word_1_318' title='bbox 780 3855 808 3910; x_wconf 91' lang='lat' dir='ltr'><strong>in</strong></span> <span class='ocrx_word' id='word_1_319' title='bbox 827 3854 969 3925; x_wconf 91' lang='lat' dir='ltr'><strong>publicum</strong></span> <span class='ocrx_word' id='word_1_320' title='bbox 988 3854 1156 3924; x_wconf 87' lang='lat' dir='ltr'><strong>prouenerit,</strong></span> <span class='ocrx_word' id='word_1_321' title='bbox 1181 3870 1256 3908; x_wconf 89' lang='lat' dir='ltr'><strong>nunc</strong></span> <span class='ocrx_word' id='word_1_322' title='bbox 1275 3869 1360 3922; x_wconf 80' lang='lat' dir='ltr'><strong>agere</strong></span> <span class='ocrx_word' id='word_1_323' title='bbox 1377 3853 1447 3907; x_wconf 91' lang='lat' dir='ltr'><strong>mihi</strong></span> 
     </span>
     <span class='ocr_line' id='line_1_36' title="bbox 165 3931 1446 4007; baseline -0.002 -18"><span class='ocrx_word' id='word_1_324' title='bbox 165 3935 222 3989; x_wconf 89' lang='lat' dir='ltr'><strong>iam</strong></span> <span class='ocrx_word' id='word_1_325' title='bbox 247 3951 305 3989; x_wconf 90' lang='lat' dir='ltr'><strong>non</strong></span> <span class='ocrx_word' id='word_1_326' title='bbox 330 3934 406 3989; x_wconf 88' lang='lat' dir='ltr'><strong>licet.</strong></span> <span class='ocrx_word' id='word_1_327' title='bbox 442 3935 559 3990; x_wconf 78' lang='lat' dir='ltr'><strong>Accedit</strong></span> <span class='ocrx_word' id='word_1_328' title='bbox 579 3936 654 4007; x_wconf 88' lang='lat' dir='ltr'><strong>quod</strong></span> <span class='ocrx_word' id='word_1_329' title='bbox 680 3936 767 3989; x_wconf 89' lang='lat' dir='ltr'><strong>etiam</strong></span> <span class='ocrx_word' id='word_1_330' title='bbox 792 3931 863 3986; x_wconf 80' lang='grc' dir='ltr'><strong><em>ἐστιν</em></strong></span> <span class='ocrx_word' id='word_1_331' title='bbox 880 3935 998 3989; x_wconf 86' lang='lat' dir='ltr'><strong>ineunte</strong></span> <span class='ocrx_word' id='word_1_332' title='bbox 1016 3948 1100 3989; x_wconf 89' lang='lat' dir='ltr'><strong>uersu</strong></span> <span class='ocrx_word' id='word_1_333' title='bbox 1118 3934 1239 4004; x_wconf 84' lang='lat' dir='ltr'><strong>ponitur,</strong></span> <span class='ocrx_word' id='word_1_334' title='bbox 1264 3933 1300 3987; x_wconf 91' lang='lat' dir='ltr'><strong>de</strong></span> <span class='ocrx_word' id='word_1_335' title='bbox 1318 3949 1374 4005; x_wconf 89' lang='lat' dir='ltr'><strong>quo</strong></span> <span class='ocrx_word' id='word_1_336' title='bbox 1393 3948 1446 3987; x_wconf 89' lang='lat' dir='ltr'><strong>usu</strong></span> 
     </span>
     <span class='ocr_line' id='line_1_37' title="bbox 166 4014 349 4086; baseline -0.005 -17"><span class='ocrx_word' id='word_1_337' title='bbox 166 4014 349 4086; x_wconf 47' lang='grc' dir='ltr'><strong>παθη</strong></span> 
     </span>
    </p>

    <p class='ocr_par' dir='ltr' id='par_1_11' title="bbox 166 4089 1446 4325">
     <span class='ocr_line' id='line_1_38' title="bbox 273 4089 1446 4166; baseline -0.001 -17"><span class='ocrx_word' id='word_1_338' title='bbox 273 4095 292 4164; x_wconf 88' lang='lat'><strong>¹)</strong></span> <span class='ocrx_word' id='word_1_339' title='bbox 312 4095 349 4149; x_wconf 79' lang='lat' dir='ltr'><strong>cf.</strong></span> <span class='ocrx_word' id='word_1_340' title='bbox 359 4095 487 4166; x_wconf 84' lang='lat' dir='ltr'><strong>Diphilus</strong></span> <span class='ocrx_word' id='word_1_341' title='bbox 499 4096 615 4164; x_wconf 69' lang='grc' dir='ltr'><strong><em>Σννωρίτ</em></strong></span> <span class='ocrx_word' id='word_1_342' title='bbox 626 4095 661 4150; x_wconf 81' lang='lat' dir='ltr'><strong>fr.</strong></span> <span class='ocrx_word' id='word_1_343' title='bbox 675 4095 717 4161; x_wconf 85' lang='grc'><strong>73,</strong></span> <span class='ocrx_word' id='word_1_344' title='bbox 730 4095 764 4150; x_wconf 91' lang='grc'><strong>10</strong></span> <span class='ocrx_word' id='word_1_345' title='bbox 772 4095 806 4149; x_wconf 87' lang='lat' dir='ltr'><strong>K.</strong></span> <span class='ocrx_word' id='word_1_346' title='bbox 825 4094 895 4149; x_wconf 77' lang='lat' dir='ltr'><strong>GAF</strong></span> <span class='ocrx_word' id='word_1_347' title='bbox 908 4094 932 4149; x_wconf 88' lang='lat' dir='ltr'><strong>ll</strong></span> <span class='ocrx_word' id='word_1_348' title='bbox 946 4111 972 4165; x_wconf 84' lang='lat' dir='ltr'><strong>p.</strong></span> <span class='ocrx_word' id='word_1_349' title='bbox 985 4093 1038 4148; x_wconf 79' lang='grc'><strong>565</strong></span> <span class='ocrx_word' id='word_1_350' title='bbox 1050 4094 1079 4144; x_wconf 82' lang='grc' dir='ltr'><strong>τί</strong></span> <span class='ocrx_word' id='word_1_351' title='bbox 1096 4089 1124 4146; x_wconf 74' lang='grc' dir='ltr'><strong>δέ</strong></span> <span class='ocrx_word' id='word_1_352' title='bbox 1143 4113 1185 4146; x_wconf 83' lang='grc' dir='ltr'><strong>σοι</strong></span> <span class='ocrx_word' id='word_1_353' title='bbox 1201 4090 1275 4161; x_wconf 74' lang='grc' dir='ltr'><strong><em>μέλει</em></strong></span> <span class='ocrx_word' id='word_1_354' title='bbox 1293 4093 1341 4165; x_wconf 87' lang='lat' dir='ltr'><strong>qui</strong></span> <span class='ocrx_word' id='word_1_355' title='bbox 1358 4097 1446 4165; x_wconf 74' lang='lat' dir='ltr'><strong>poeta</strong></span> 
     </span>
     <span class='ocr_line' id='line_1_39' title="bbox 166 4173 1445 4245; baseline -0.001 -17"><span class='ocrx_word' id='word_1_356' title='bbox 166 4173 265 4229; x_wconf 85' lang='lat' dir='ltr'><strong>eadem</strong></span> <span class='ocrx_word' id='word_1_357' title='bbox 290 4174 385 4245; x_wconf 87' lang='lat' dir='ltr'><strong>aliquo</strong></span> <span class='ocrx_word' id='word_1_358' title='bbox 410 4191 495 4229; x_wconf 88' lang='lat' dir='ltr'><strong>uersu</strong></span> <span class='ocrx_word' id='word_1_359' title='bbox 519 4178 641 4230; x_wconf 82' lang='lat' dir='ltr'><strong>exeunte</strong></span> <span class='ocrx_word' id='word_1_360' title='bbox 665 4175 725 4231; x_wconf 89' lang='lat' dir='ltr'><strong>eius</strong></span> <span class='ocrx_word' id='word_1_361' title='bbox 749 4175 864 4230; x_wconf 81' lang='lat' dir='ltr'><strong>fabulae</strong></span> <span class='ocrx_word' id='word_1_362' title='bbox 889 4174 998 4228; x_wconf 85' lang='lat' dir='ltr'><strong>dixerat</strong></span> <span class='ocrx_word' id='word_1_363' title='bbox 1022 4175 1057 4228; x_wconf 89' lang='lat' dir='ltr'><strong>de</strong></span> <span class='ocrx_word' id='word_1_364' title='bbox 1075 4191 1132 4245; x_wconf 91' lang='lat' dir='ltr'><strong>qna</strong></span> <span class='ocrx_word' id='word_1_365' title='bbox 1150 4174 1309 4229; x_wconf 86' lang='lat' dir='ltr'><strong>Rudentem</strong></span> <span class='ocrx_word' id='word_1_366' title='bbox 1326 4173 1445 4228; x_wconf 86' lang='lat' dir='ltr'><strong>Plautus</strong></span> 
     </span>
     <span class='ocr_line' id='line_1_40' title="bbox 166 4252 867 4325; baseline 0.001 -18"><span class='ocrx_word' id='word_1_367' title='bbox 166 4254 305 4324; x_wconf 82' lang='lat' dir='ltr'><strong>expressit</strong></span> <span class='ocrx_word' id='word_1_368' title='bbox 322 4254 358 4308; x_wconf 87' lang='lat' dir='ltr'><strong>ci.</strong></span> <span class='ocrx_word' id='word_1_369' title='bbox 377 4253 449 4310; x_wconf 89' lang='lat' dir='ltr'><strong>Rud.</strong></span> <span class='ocrx_word' id='word_1_370' title='bbox 471 4255 522 4308; x_wconf 88' lang='grc'><strong>178</strong></span> <span class='ocrx_word' id='word_1_371' title='bbox 540 4252 615 4325; x_wconf 84' lang='lat' dir='ltr'><strong>&#39;quid</strong></span> <span class='ocrx_word' id='word_1_372' title='bbox 633 4255 663 4309; x_wconf 92' lang='lat' dir='ltr'><strong>id</strong></span> <span class='ocrx_word' id='word_1_373' title='bbox 681 4255 769 4310; x_wconf 86' lang='lat' dir='ltr'><strong>refert</strong></span> <span class='ocrx_word' id='word_1_374' title='bbox 786 4253 867 4308; x_wconf 74' lang='lat' dir='ltr'><strong>tua?³</strong></span> 
     </span>
    </p>

    <p class='ocr_par' dir='ltr' id='par_1_12' title="bbox 164 4333 1445 4725">
     <span class='ocr_line' id='line_1_41' title="bbox 273 4333 1445 4406; baseline -0.001 -18"><span class='ocrx_word' id='word_1_375' title='bbox 273 4334 292 4403; x_wconf 78' lang='lat'><strong>⁸)</strong></span> <span class='ocrx_word' id='word_1_376' title='bbox 313 4335 394 4405; x_wconf 84' lang='lat' dir='ltr'><strong>Apud</strong></span> <span class='ocrx_word' id='word_1_377' title='bbox 411 4334 545 4388; x_wconf 84' lang='lat' dir='ltr'><strong>Plautum</strong></span> <span class='ocrx_word' id='word_1_378' title='bbox 569 4335 644 4389; x_wconf 92' lang='lat' dir='ltr'><strong>enim</strong></span> <span class='ocrx_word' id='word_1_379' title='bbox 668 4339 698 4390; x_wconf 86' lang='lat' dir='ltr'><strong>et</strong></span> <span class='ocrx_word' id='word_1_380' title='bbox 715 4333 876 4390; x_wconf 79' lang='lat' dir='ltr'><strong>Terentium</strong></span> <span class='ocrx_word' id='word_1_381' title='bbox 900 4351 929 4389; x_wconf 90' lang='lat' dir='ltr'><strong>re</strong></span> <span class='ocrx_word' id='word_1_382' title='bbox 953 4350 1022 4389; x_wconf 85' lang='lat' dir='ltr'><strong>uera</strong></span> <span class='ocrx_word' id='word_1_383' title='bbox 1040 4337 1187 4389; x_wconf 88' lang='lat' dir='ltr'><strong>matronae</strong></span> <span class='ocrx_word' id='word_1_384' title='bbox 1206 4336 1343 4406; x_wconf 89' lang='lat' dir='ltr'><strong>quantum</strong></span> <span class='ocrx_word' id='word_1_385' title='bbox 1363 4333 1445 4388; x_wconf 85' lang='lat' dir='ltr'><strong>uideo</strong></span> 
     </span>
     <span class='ocr_line' id='line_1_42' title="bbox 165 4411 1444 4484; baseline -0.002 -16"><span class='ocrx_word' id='word_1_386' title='bbox 165 4429 222 4468; x_wconf 90' lang='lat' dir='ltr'><strong>non</strong></span> <span class='ocrx_word' id='word_1_387' title='bbox 241 4413 337 4469; x_wconf 86' lang='lat' dir='ltr'><strong>iurant</strong></span> <span class='ocrx_word' id='word_1_388' title='bbox 355 4413 411 4469; x_wconf 86' lang='lat' dir='ltr'><strong>nisi</strong></span> <span class='ocrx_word' id='word_1_389' title='bbox 429 4430 479 4484; x_wconf 88' lang='lat' dir='ltr'><strong>per</strong></span> <span class='ocrx_word' id='word_1_390' title='bbox 492 4413 637 4468; x_wconf 82' lang='lat' dir='ltr'><strong>Castorem</strong></span> <span class='ocrx_word' id='word_1_391' title='bbox 650 4415 848 4480; x_wconf 88' lang='lat' dir='ltr'><strong>etPollucem;</strong></span> <span class='ocrx_word' id='word_1_392' title='bbox 867 4414 957 4470; x_wconf 88' lang='lat' dir='ltr'><strong>ueluti</strong></span> <span class='ocrx_word' id='word_1_393' title='bbox 975 4416 1106 4470; x_wconf 84' lang='lat' dir='ltr'><strong>matrona</strong></span> <span class='ocrx_word' id='word_1_394' title='bbox 1118 4414 1187 4469; x_wconf 90' lang='lat' dir='ltr'><strong>dicit</strong></span> <span class='ocrx_word' id='word_1_395' title='bbox 1204 4411 1333 4469; x_wconf 80' lang='lat' dir='ltr'><strong>‘ecastor’</strong></span> <span class='ocrx_word' id='word_1_396' title='bbox 1351 4412 1444 4467; x_wconf 90' lang='lat' dir='ltr'><strong>Plaut.</strong></span> 
     </span>
     <span class='ocr_line' id='line_1_43' title="bbox 165 4491 1443 4566; baseline 0 -19"><span class='ocrx_word' id='word_1_397' title='bbox 165 4492 232 4549; x_wconf 78' lang='lat' dir='ltr'><strong>cst.</strong></span> <span class='ocrx_word' id='word_1_398' title='bbox 250 4493 303 4548; x_wconf 82' lang='grc'><strong>668</strong></span> <span class='ocrx_word' id='word_1_399' title='bbox 334 4494 406 4548; x_wconf 84' lang='lat' dir='ltr'><strong>Men.</strong></span> <span class='ocrx_word' id='word_1_400' title='bbox 424 4494 478 4548; x_wconf 86' lang='grc'><strong>619</strong></span> <span class='ocrx_word' id='word_1_401' title='bbox 510 4493 573 4549; x_wconf 82' lang='lat' dir='ltr'><strong>Cas.</strong></span> <span class='ocrx_word' id='word_1_402' title='bbox 595 4494 646 4548; x_wconf 84' lang='lat'><strong>182</strong></span> <span class='ocrx_word' id='word_1_403' title='bbox 675 4495 777 4566; x_wconf 93' lang='lat' dir='ltr'><strong>Amph.</strong></span> <span class='ocrx_word' id='word_1_404' title='bbox 796 4494 850 4550; x_wconf 80' lang='lat'><strong>508</strong></span> <span class='ocrx_word' id='word_1_405' title='bbox 875 4495 949 4560; x_wconf 93' lang='lat' dir='ltr'><strong>alibi,</strong></span> <span class='ocrx_word' id='word_1_406' title='bbox 974 4494 1053 4549; x_wconf 91' lang='lat' dir='ltr'><strong>Asin.</strong></span> <span class='ocrx_word' id='word_1_407' title='bbox 1072 4495 1133 4561; x_wconf 84' lang='grc'>864,</span> <span class='ocrx_word' id='word_1_408' title='bbox 1165 4491 1324 4550; x_wconf 79' lang='lat' dir='ltr'><strong>&#39;mdcastor’</strong></span> <span class='ocrx_word' id='word_1_409' title='bbox 1349 4493 1443 4547; x_wconf 88' lang='lat' dir='ltr'><strong>Plaut.</strong></span> 
     </span>
     <span class='ocr_line' id='line_1_44' title="bbox 164 4572 1441 4646; baseline 0 -19"><span class='ocrx_word' id='word_1_410' title='bbox 164 4572 226 4627; x_wconf 79' lang='lat' dir='ltr'><strong>Aul.</strong></span> <span class='ocrx_word' id='word_1_411' title='bbox 239 4573 290 4628; x_wconf 95' lang='grc'><strong>172</strong></span> <span class='ocrx_word' id='word_1_412' title='bbox 309 4573 445 4630; x_wconf 76' lang='lat' dir='ltr'><strong>Men&#39;134</strong></span> <span class='ocrx_word' id='word_1_413' title='bbox 464 4573 525 4629; x_wconf 84' lang='lat' dir='ltr'><strong>Cas.</strong></span> <span class='ocrx_word' id='word_1_414' title='bbox 537 4573 589 4629; x_wconf 91' lang='grc'><strong>172</strong></span> <span class='ocrx_word' id='word_1_415' title='bbox 601 4577 752 4646; x_wconf 86' lang='lat' dir='ltr'><strong>utrumque</strong></span> <span class='ocrx_word' id='word_1_416' title='bbox 768 4574 835 4631; x_wconf 87' lang='lat' dir='ltr'><strong>alibi</strong></span> <span class='ocrx_word' id='word_1_417' title='bbox 850 4575 1033 4630; x_wconf 85' lang='lat' dir='ltr'><strong>sescentiens.</strong></span> <span class='ocrx_word' id='word_1_418' title='bbox 1056 4572 1176 4645; x_wconf 80' lang='lat' dir='ltr'><strong>‘edepol’</strong></span> <span class='ocrx_word' id='word_1_419' title='bbox 1188 4573 1282 4630; x_wconf 86' lang='lat' dir='ltr'><strong>Plaut.</strong></span> <span class='ocrx_word' id='word_1_420' title='bbox 1293 4573 1381 4630; x_wconf 81' lang='lat' dir='ltr'><strong>Stich.</strong></span> <span class='ocrx_word' id='word_1_421' title='bbox 1392 4572 1441 4628; x_wconf 93' lang='lat'><strong>111</strong></span> 
     </span>
     <span class='ocr_line' id='line_1_45' title="bbox 164 4651 1143 4725; baseline 0.004 -19"><span class='ocrx_word' id='word_1_422' title='bbox 164 4651 226 4707; x_wconf 78' lang='lat' dir='ltr'><strong>Ter.</strong></span> <span class='ocrx_word' id='word_1_423' title='bbox 245 4653 311 4708; x_wconf 82' lang='lat' dir='ltr'><strong>Hac.</strong></span> <span class='ocrx_word' id='word_1_424' title='bbox 330 4652 391 4708; x_wconf 86' lang='grc'><strong>274.</strong></span> <span class='ocrx_word' id='word_1_425' title='bbox 410 4653 463 4708; x_wconf 79' lang='grc'><strong>568</strong></span> <span class='ocrx_word' id='word_1_426' title='bbox 481 4653 557 4709; x_wconf 86' lang='lat' dir='ltr'><strong>alibi.</strong></span> <span class='ocrx_word' id='word_1_427' title='bbox 594 4651 660 4725; x_wconf 82' lang='lat' dir='ltr'><strong>‘pol’</strong></span> <span class='ocrx_word' id='word_1_428' title='bbox 679 4654 792 4724; x_wconf 86' lang='lat' dir='ltr'><strong>passim.</strong></span> <span class='ocrx_word' id='word_1_429' title='bbox 831 4654 866 4710; x_wconf 84' lang='lat' dir='ltr'><strong>ci.</strong></span> <span class='ocrx_word' id='word_1_430' title='bbox 886 4655 965 4722; x_wconf 78' lang='lat' dir='ltr'><strong>Gen,</strong></span> <span class='ocrx_word' id='word_1_431' title='bbox 984 4654 1051 4710; x_wconf 74' lang='lat' dir='ltr'><strong>NA.</strong></span> <span class='ocrx_word' id='word_1_432' title='bbox 1070 4655 1143 4710; x_wconf 87' lang='grc' dir='ltr'><strong>Χ16.</strong></span> 
     </span>
    </p>
   </div>
   <div class='ocr_carea' id='block_1_7' title="bbox 207 4741 1266 4795">
    <p class='ocr_par' dir='ltr' id='par_1_13' title="bbox 207 4741 1266 4795">
     <span class='ocr_line' id='line_1_46' title="bbox 207 4741 1266 4795; baseline 0.003 -3"><span class='ocrx_word' id='word_1_433' title='bbox 207 4747 376 4793; x_wconf 82' lang='lat' dir='ltr'><strong>Kretschmar.</strong></span> <span class='ocrx_word' id='word_1_434' title='bbox 1249 4741 1266 4795; x_wconf 87' lang='grc'>3</span> 
     </span>
    </p>
   </div>
   <div class='ocr_carea' id='block_1_8' title="bbox 0 0 1726 5130">
    <p class='ocr_par' dir='ltr' id='par_1_14' title="bbox 0 0 1726 5130">
     <span class='ocr_line' id='line_1_47' title="bbox 0 0 1726 5130; baseline 0 3"><span class='ocrx_word' id='word_1_435' title='bbox 0 0 1726 5130; x_wconf 95' lang='lat' dir='ltr'><strong> </strong></span> 
     </span>
    </p>
   </div>
  </div>
 </body>
</html>
