3442 5130
798 328 1021 393 „34-

271 511 312 576 de
343 530 408 597 quo
439 508 540 574 uelim
573 505 726 573 conferas
758 527 843 591 quae
867 505 1026 571 Dniatnlro
1050 526 1080 592 p.
1102 506 1167 571 510
1196 508 1357 592 exposuit.
1403 510 1452 574 Ac
1482 509 1551 576 iam

270 608 418 674 maxima
441 605 589 672 oboritur
611 603 805 687 difficultas,
832 625 906 669 cum
929 604 1107 669 tractaturi
1130 625 1247 671 sumus
1272 626 1313 671 ea
1336 606 1441 672 uerba
1464 628 1551 694 quae

269 707 334 791 ille,
359 704 499 771 simulac
520 695 684 790 processit
705 703 741 768 in
765 723 930 783 scaenam,
954 701 1010 767 uel
1033 700 1122 788 apud
1145 705 1351 787 spectatores
1366 704 1423 770 uel
1438 725 1552 770 secum

268 804 422 890 loquitur.
470 804 562 884 Quae
585 801 690 867 uerba
713 802 748 866 in
774 804 866 867 carta
889 801 935 866 sic
958 799 1115 882 leguntur
1137 823 1168 865 u.
1185 800 1228 866 35
1241 821 1322 886 sqq.:

481 914 1007 1005 ΑΓΡΟΝΓΕΩΡΓΕΙΝΕΥΣΕ)
1023 966 1267 983 ...........
1284 914 1395 1004 ]ΕΝΑ

486 1012 995 1102 ΟΙΜΑΙΦΕΡΕΙΓΑΡΜΥΡΡ)
1011 1064 1232 1080 ..........
1248 1012 1433 1104 ]ΚΑΛΟΝ

481 1116 552 1179 AN
552 1114 730 1180 ΘΗΤΟΣΑ
739 1110 1054 1201 mundanum
1070 1164 1172 1176 .....
1179 1157 1180 1162 1
1190 1164 1315 1177 ......
1331 1110 1389 1202 ]Η

481 1213 604 1277 ΑΠΕΔ
612 1211 1243 1277 ΟΚΕΝΟΡΘΩΣΚΑΙΔΙΚΑΙΩΣΟΥ

480 1311 622 1375 ΑΛΛἈ
630 1308 972 1375 YTOTOMETPON

271 1416 360 1504 apud
391 1405 578 1482 Stohaeum
609 1415 691 1481 Flor.
716 1415 803 1500 57,5
830 1446 875 1470 =
902 1415 988 1481 Men.
1010 1415 1048 1482 fr.
1073 1415 1115 1482 96
1132 1414 1171 1480 Κ.
1196 1415 1277 1483 uAF
1301 1416 1345 1481 III
1373 1437 1404 1502 p.
1428 1418 1470 1483 29
1502 1417 1550 1484 sic

270 1518 390 1581 extant
413 1514 536 1600 scripta

482 1631 582 1713 ἀγρὸν
605 1633 824 1714 εὐσεβέστερον
847 1637 998 1713 γεωργεῖν
1021 1632 1137 1694 οὐδένα

482 1729 577 1812 οἶμαι·
602 1731 691 1812 φέρει
715 1729 775 1812 γὰρ
799 1730 858 1792 ὅσα
881 1731 970 1799 δεοῖς
994 1730 1077 1812 ἄνθη
1103 1730 1193 1803 καλά,

481 1828 592 1901 κιττόν,
617 1828 751 1911 δάφνην·
775 1827 892 1909 κριδδς
915 1828 948 1890 δ’
974 1826 1059 1908 ἒὰνῙ)
1083 1829 1213 1909 σπείρω,
1236 1829 1320 1892 πάνυ

483 1927 603 1996 δίκαιος
627 1926 704 2006 ὢν)
729 1926 878 2008 ἀπέδωχ’
904 1925 1011 2006 ὅσος3)
1035 1927 1075 1988 ἂν
1098 1926 1281 2008 καταβάλω.

269 2044 379 2127 Atque
410 2040 494 2105 haec
525 2041 568 2105 ab
591 2039 722 2106 Joanne
754 2040 919 2126 exscripta
950 2059 1026 2104 cum
1057 2038 1248 2122 diligentius
1280 2061 1354 2104 cum
1386 2040 1433 2106 eis
1462 2061 1548 2127 quae

269 2144 363 2205 carta
397 2137 534 2204 exhibet
569 2136 815 2220 contulerimus,
852 2137 932 2222 quin
966 2138 1159 2203 memoriam
1193 2139 1378 2224 praebeant
1413 2139 1547 2205 omnino

269 2236 413 2302 ahenam
436 2256 504 2301 non
525 2234 765 2318 dubitabimus;
790 2254 892 2321 quare
914 2233 1007 2300 hand
1028 2236 1140 2322 inepte
1157 2235 1265 2320 Blass,
1290 2237 1354 2303 Lit.
1372 2235 1548 2303 Contu-BL

271 2335 356 2400 1897
381 2333 438 2400 eol.
456 2333 556 2399 1650:
588 2336 701 2398 ‘wenn
724 2331 776 2398 die
800 2332 905 2398 Verse
930 2332 1080 2400 wirlrlioh
1111 2355 1173 2399 aus
1199 2335 1274 2400 dem
1296 2336 1450 2419 Γεωργός
1473 2333 1548 2401 sind

268 2432 338 2497 und
372 2431 465 2498 nicht
499 2435 589 2497 etwa
620 2429 788 2496 Stobaeus
823 2430 976 2497 dhnliche
1011 2431 1103 2497 eines
1135 2431 1282 2498 anderen
1314 2432 1456 2498 Stiickes
1486 2433 1548 2498 mit

269 2529 378 2595 denen
402 2529 460 2595 des
476 2531 629 2613 Γεωργός
651 2527 874 2594 verwechselt
895 2529 983 2594 hat’·
1010 2530 1097 2595 Nam
1119 2552 1154 2596 re
1178 2551 1260 2596 uera
1283 2529 1404 2596 similia
1427 2531 1470 2596 ab
1492 2531 1547 2596 in-

270 2631 358 2693 certo
382 2630 483 2715 poeta
506 2627 540 2692 in
555 2625 674 2692 fabula
690 2625 836 2712 quadam
850 2627 977 2693 incerta
994 2627 1180 2693 dictasunt
1197 2628 1235 2694 ci.
1253 2649 1333 2694 com.
1349 2629 1412 2696 inc.
1427 2627 1465 2695 fr.
1482 2628 1548 2693 108

269 2731 304 2791 et
329 2726 392 2791 109
404 2724 444 2791 K.
468 2723 549 2791 GAF
572 2724 617 2789 111
640 2747 669 2811 p.
686 2723 761 2791 424.
801 2725 846 2791 At
869 2728 986 2790 tamen
1009 2724 1146 2791 Stobaei
1170 2729 1204 2791 et
1228 2729 1342 2792 cartae
1365 2725 1439 2792 illos
1464 2726 1547 2792 duos

269 2823 360 2888 locos
384 2845 457 2889 esse
480 2843 579 2908 posse
604 2823 785 2888 eorundem
807 2844 968 2888 uersuum
989 2823 1149 2888 lectiones
1166 2823 1265 2910 plane
1282 2824 1432 2890 diuersas
1448 2845 1546 2890 nemo

269 2924 322 2986 est
352 2922 409 3006 qui
439 2923 547 3002 neget.
595 2920 741 3000 Quarum
771 2920 953 2986 lectionum
983 2924 1093 2986 utram
1123 2921 1230 3004 magis
1263 2943 1441 3009 sequamur
1471 2942 1546 2987 cum

269 3018 499 3101 deliberamus
531 3018 672 3106 primum
704 3018 837 3105 quidem
868 3016 1202 3084 animaduertendum
1234 3023 1286 3086 est
1307 3020 1457 3104 Joannis,
1490 3019 1548 3106 qui

267 3137 335 3182 non
358 3116 504 3203 ipsorum
529 3120 704 3202 poetarum
727 3120 788 3182 aut
804 3115 944 3182 aliorum
960 3120 1134 3182 auctorum
1150 3117 1269 3183 adierit
1283 3116 1384 3184 libros
1401 3116 1459 3184 sed
1475 3119 1547 3204 ipse

270 3235 400 3301 quoque
416 3213 580 3296 florilegio
596 3215 840 3300 exscripserit),
858 3215 1051 3280 memoriam
1062 3235 1121 3300 per
1133 3236 1169 3281 se
1181 3215 1317 3281 minoris
1330 3237 1404 3282 esse
1416 3216 1546 3302 pretiis)

267 3310 405 3378 Accedit
429 3311 517 3397 quod
541 3310 676 3378 easdem
700 3313 887 3379 sententias
911 3333 995 3398 quas
1018 3313 1053 3377 in
1076 3316 1170 3380 carta
1193 3334 1369 3400 expressas
1393 3312 1547 3380 uidemus

269 3411 428 3495 quattuor
451 3409 603 3475 uersibus
627 3412 662 3475 et
686 3410 743 3496 qui
766 3410 915 3495 sequitur
939 3409 1082 3494 dimidio,
1106 3410 1279 3493 Ioannes⁶)
1303 3414 1343 3477 ut
1366 3412 1546 3477 concinnas

267 3508 374 3589 magis
398 3511 433 3572 et
457 3505 630 3573 conclusas
646 3506 807 3592 redderet,
833 3509 991 3593 quattuor
1006 3508 1158 3574 uersibus
1176 3507 1425 3595 comprehendit
1438 3508 1546 3596 plenis

267 3606 369 3690 atque
393 3605 484 3670 totis.
519 3603 613 3670 Unde
636 3605 730 3671 illum
752 3604 926 3672 Menandri
948 3627 1066 3671 uersus
1090 3627 1158 3671 non
1181 3607 1328 3690 integros
1351 3605 1411 3672 sed
1433 3606 1545 3694 paullo

267 3704 416 3768 mutatos
440 3702 601 3786 florilegio
625 3703 805 3770 inseruisse
822 3706 974 3789 apertum
992 3706 1053 3786 est,
1078 3725 1186 3790 neque
1203 3700 1281 3770 licet
1297 3703 1449 3771 dubitare
1465 3706 1546 3791 quin

267 3803 378 3866 cartae
395 3801 554 3866 memoria
570 3801 613 3867 ab
626 3802 805 3888 archetypo
821 3802 956 3889 propius
972 3800 1062 3868 absit
1081 3823 1182 3888 quarn
1200 3801 1337 3869 Stobaei
1351 3803 1544 3886 memoriast)

374 3988 393 4056 1)
412 3982 437 4038 δ’
461 3985 517 4041 ἐὰνι
538 3983 563 4039 δ’
586 3991 621 4040 ἂν
638 3988 718 4043 οοδδ.

372 4067 392 4137 1)
412 4063 511 4123 δίκαιος
529 4069 577 4122 dlv:
615 4065 720 4124 δικαίως
739 4067 819 4123 codd.

372 4149 391 4213 1)
411 4145 484 4203 toas:
504 4145 554 4200 όσα
574 4149 654 4203 codd.

371 4228 391 4297 4)
413 4228 447 4283 cf.
468 4228 553 4294 Diels,
573 4230 627 4283 Rh.
646 4230 682 4283 M.
701 4229 745 4294 30,
766 4229 835 4283 1875
853 4246 880 4299 p.
894 4229 946 4284 172
955 4246 1016 4301 sqq.
1035 4228 1090 4283 alii.

372 4308 392 4378 ὓ)
410 4307 537 4363 hlandem
555 4309 728 4364 sententiam
746 4308 844 4364 Nicole
862 4325 888 4377 p.
901 4309 1007 4380 34sqq.
1027 4309 1089 4364 aliis
1108 4309 1284 4379 argumentis
1302 4308 1491 4365 confirmauit.

372 4388 393 4457 6)
411 4390 456 4442 uel
476 4391 574 4444 auctor
593 4404 628 4443 ex
647 4406 702 4460 quo
722 4388 769 4443 ille
787 4387 891 4444 hausit

372 4470 392 4539 ⁷)
411 4468 469 4524 Nec
487 4469 607 4523 multum
625 4468 743 4523 interest
762 4469 837 4540 quod
850 4485 907 4523 uuo
920 4470 984 4524 loeo
1005 4469 1145 4524 Stobaeus
1166 4470 1310 4525 meliorem
1328 4469 1455 4525 seruauit
1466 4469 1546 4524 leoti-

267 4565 350 4604 0nem
368 4566 430 4604 oum
449 4566 477 4604 u.
489 4548 525 4603 35
545 4548 657 4620 scripsit
680 4549 858 4619 εὐσεβέστερον
878 4547 999 4620 γεωργεῖν
1016 4546 1148 4622 οδ<θ>ένα
1167 4545 1270 4618 (οὐδένα
1288 4550 1379 4619 codd.)
1398 4565 1448 4620 pro
1465 4568 1546 4620 γεωρ-

265 4628 320 4698 γεῖν
337 4627 527 4700 &raptorapto
545 4627 657 4698 ονθ]ένα
674 4629 723 4683 ubi
742 4630 871 4700 dactylus
889 4630 963 4684 falso
982 4630 1021 4684 sit
1038 4631 1149 4701 positus
1168 4647 1218 4701 pro
1237 4629 1381 4685 trochaeo.
1409 4628 1446 4684 cl.
1459 4630 1546 4684 Born-

1694 4863 1699 5101 ι
