3442 5130
801 404 846 412 -
891 365 934 429 50
979 403 1023 416 -

274 541 360 608 Men.
383 541 420 608 fr.
437 542 502 608 605
513 541 552 608 Κ.
578 542 659 608 GAF
675 542 717 608 IH
740 563 770 628 p.
790 543 852 607 183
961 543 995 607 τὸ
1020 542 1095 607 δἐὗ
1119 546 1226 627 φέρειν

530 644 611 707 ἔστιν
633 649 784 716 τοιοῦτον,
809 645 847 705 ἂν
872 642 963 724 δύνηι
985 643 1087 724 μόνος
1110 644 1225 724 φέρειν,

502 790 504 794 -
530 741 584 804 καὶ
605 741 651 823 μὴ
675 741 819 822 ’πίδηλον
842 741 897 824 τὴν
920 740 1018 823 τύχην
1041 739 1170 809 πολλοῖς
1191 745 1293 822 ποῆις.

273 835 358 902 Men.
373 835 411 901 fr.
429 835 495 903 674
502 834 541 902 Κ.
559 836 640 902 0Αο
655 836 700 901 lll
721 858 752 922 p.
770 836 834 902 196
859 839 919 902 οὐκ
936 838 1014 920 ἒμδν
1031 839 1166 919 ἀνοίγειν
1183 837 1407 900 λανθάνουσαν
1424 839 1553 920 ἀτυχίαν

858 937 918 999 ἔστ’
943 935 1020 998 ἀλλὰ
1050 937 1171 1018 μᾶλλον
1198 935 1446 999 κατακαλύπτειν
1469 936 1553 1018 φημί

853 1034 925 1096 δεῖν.

271 1127 421 1216 Apollod.
447 1127 516 1196 Car.
539 1128 576 1195 fr.
594 1130 624 1209 5,
635 1128 702 1196 b'K.
728 1129 809 1195 OAF*
824 1130 868 1194 III
890 1151 920 1215 p.
938 1130 1001 1195 281
1025 1133 1055 1193 τί
1067 1131 1102 1194 τδ
1118 1131 1221 1194 κακόν
1244 1134 1315 1194 ποτ’
1332 1134 1352 1215 ἢ
1368 1132 1398 1194 τί
1410 1130 1553 1212 τάγαδὸν

486 1231 546 1292 ἔστ’
571 1230 739 1311 ἀγνοοῦσα.

275 1323 403 1412 Orobyl.
425 1323 463 1390 fr.
480 1323 549 1390 9K.
576 1324 658 1390 OAF
674 1325 716 1391 IH
740 1347 769 1412 p.
786 1326 848 1392 381
965 1328 1111 1409 τράγημα
1135 1326 1169 1389 δὲ

487 1425 568 1488 ἔστιν
591 1425 734 1507 πιδήκου
758 1431 849 1488 τοῦτο
875 1426 979 1508 δήπου
1004 1426 1186 1506 δυστυχοῦς.

273 1519 364 1585 Idem
399 1522 513 1585 autem
547 1521 598 1585 uir
629 1524 747 1588 doctus
779 1520 820 1586 de
855 1526 902 1587 eis
933 1523 990 1606 qui
1024 1523 1211 1606 sequuntur
1243 1520 1396 1586 uersibus
1420 1520 1549 1587 68-71

273 1617 358 1683 haec
374 1615 453 1683 dicit
469 1617 544 1683 adn.
564 1619 605 1683 12
628 1640 658 1704 p.
680 1620 754 1685 158:
779 1618 860 1684 ‘Der
875 1618 952 1684 Alte
975 1617 1065 1701 fragt
1087 1617 1145 1682 ihn
1170 1639 1242 1699 aus,
1265 1616 1297 1682 X
1321 1617 1454 1701 erzahlt,
1480 1617 1551 1684 also

275 1714 377 1782 stand
400 1715 442 1782 69
466 1716 520 1781 ein
536 1715 679 1802 Partizip
704 1718 768 1784 Wie
793 1720 1012 1802 διερχομένου;
1037 1716 1122 1781 dazu
1144 1717 1190 1781 ist
1212 1718 1286 1780 τάδε
1310 1714 1452 1801 Subjekt
1475 1716 1504 1782 d.
1520 1714 1552 1782 h.

274 1813 343 1896 dae,
375 1813 516 1881 wonach
540 1813 591 1880 Kl.
619 1813 751 1900 gefragt
773 1815 878 1882 hatte.
923 1814 986 1880 nin
1018 1815 1155 1879 aweites
1185 1813 1328 1900 Partizip
1358 1813 1451 1898 iolgt,
1483 1812 1553 1878 und

274 1933 364 1980 nwar
387 1910 447 1977 das
472 1912 530 1977 des
553 1913 684 1978 Aerists
708 1915 910 1998 ἐμβαλόντος,
942 1911 1002 1978 das
1027 1911 1102 1978 dem
1131 1915 1242 1977 ersten
1269 1931 1332 1976 nur
1356 1911 1553 1977 coordiniert

274 2029 431 2093 gewesen
454 2010 527 2075 sein
549 2009 652 2093 kann,
684 2031 746 2096 aus
774 2010 850 2076 dem
873 2009 1095 2093 allgemeinen
1118 2008 1251 2075 Bericht
1274 2009 1328 2074 ein
1352 2008 1552 2075 besonderes

273 2107 526 2174 hervorhebend
559 2110 632 2192 περὶ
665 2117 720 2193 τῆς
754 2111 894 2192 ἀδελφῆς
914 2109 1003 2191 ¹(vgl.
1034 2107 1116 2173 Xen.
1142 2107 1256 2194 Cpop.
1280 2108 1311 2173 V
1334 2107 1441 2190 5,43).
1491 2107 1552 2174 Die

274 2205 400 2292 Copula
422 2205 514 2290 fehlt,
538 2207 584 2271 ist
607 2205 678 2271 also
703 2205 922 2288 ausgefallen'
947 2208 983 2272 et
1005 2206 1135 2292 scripsit

487 2301 716 2392 [διερχομένου
741 2306 776 2369 δὲ
798 2312 854 2369 τοῦ
877 2308 1041 2370 νεανίσκου
1064 2302 1161 2392 τ[ά]δε

486 2408 568 2499 [περὶ
590 2406 656 2498 τ]ῆς
680 2413 820 2494 ἀδελφῆς
834 2407 903 2500 <τ’>
919 2396 1111 2496 ἐμβαλόντος
1134 2432 1161 2476 e.
1178 2432 1206 2495 q.
1224 2431 1249 2475 S.

274 2507 339 2574 Sed
375 2529 449 2574 cum
488 2508 677 2574 coniunctio
711 2534 743 2573 τε
778 2529 844 2595 qua
880 2511 1085 2593 διερχομένου
1126 2529 1201 2573 cum
1241 2505 1345 2573 altero
1380 2507 1551 2593 participio

273 2609 469 2672 conectatur
496 2606 599 2671 etiam
629 2607 664 2670 in
695 2628 737 2672 ea
759 2627 877 2672 uersus
901 2607 944 2674 70
967 2609 1061 2692 parte
1094 2627 1180 2692 quae
1212 2605 1254 2670 ad
1284 2605 1371 2671 hanc
1403 2607 1552 2670 aetatem

273 2725 341 2769 non
364 2705 517 2791 peruenit
541 2703 663 2789 scripta
686 2702 790 2770 fuisse
813 2706 929 2790 possit,
953 2725 975 2770 a
1003 2705 1193 2771 coniectura
1216 2704 1356 2787 ἀδελφῆς
1375 2699 1444 2791 <τ’>
1474 2701 1552 2767 abs-

273 2803 443 2868 tineamus
466 2805 501 2866 et
523 2801 703 2867 Henricum
725 2802 813 2867 Weil
843 2802 950 2868 secuti
981 2801 1164 2867 scribamus
1196 2799 1242 2890 [τά
1264 2827 1296 2866 τε
1315 2797 1383 2888 τ]ῆς
1413 2802 1553 2883 ἀδελφῆς

273 2901 474 2984 ἐμβαλόντος.
520 2900 567 2965 At
597 2920 628 2964 u.
652 2899 695 2964 69
722 2900 781 2966 ubi
811 2901 839 2964 T
851 2901 929 3001 ,ΔΕ
960 2898 1113 2981 legerunt
1146 2899 1308 2980 Britanni,
1345 2898 1417 2964 sine
1451 2896 1552 2963 dubio

272 3014 392 3082 Kaibel
421 3013 517 3104 τ[ά]δε
546 3018 636 3081 recte
660 3015 836 3101 suppleuit
881 3015 997 3100 Neque
1030 3015 1119 3079 enim
1142 3014 1301 3080 Dniatzko
1332 3011 1379 3103 vll]
1404 3015 1439 3079 δὲ
1470 3013 1553 3078 scri·

272 3112 419 3179 bendum
444 3116 478 3178 et
493 3113 682 3200 Myrrlrinae
705 3113 768 3178 hoo
791 3112 1005 3179 tribuendum
1029 3133 1101 3178 esse
1125 3113 1222 3178 nobis
1245 3113 1420 3198 persuasit
1466 3110 1553 3176 Nam

274 3211 459 3277 diuerbium
483 3212 546 3276 hoo
573 3210 644 3278 loco
675 3212 853 3276 restituere
883 3212 1059 3297 propterea
1088 3209 1200 3292 nolim,
1235 3209 1323 3296 quod
1353 3231 1384 3275 u.
1408 3210 1451 3275 75
1482 3209 1553 3295 ipse

274 3329 391 3375 seruus
415 3309 595 3393 longiorem
619 3331 692 3374 sese
716 3308 875 3374 habuisse
899 3308 1084 3374 orationem
1107 3309 1251 3395 quodam
1275 3308 1372 3373 modo
1394 3306 1552 3372 concedit.

272 3407 343 3472 lam
373 3427 508 3473 uersum
532 3407 575 3474 70
604 3409 784 3472 exeuntem
806 3406 1344 3472 ΕΜΒΑΛΛΟΝΤΟΣΣΟΥΚΑΙ
1362 3408 1554 3491 corruptum

274 3525 347 3570 esse
378 3526 465 3570 unus
497 3506 636 3592 quisque
667 3504 769 3570 uidet.
822 3505 870 3569 Ao
900 3507 989 3570 recte
1020 3504 1152 3589 quidem
1183 3502 1296 3568 Nicole
1326 3505 1366 3567 ut
1395 3505 1552 3588 quartum

273 3602 413 3668 trimetri
435 3601 676 3684 redintegraret
695 3602 813 3688 pedem
837 3604 1029 3686 ἐμβαλόντος
1052 3601 1192 3686 scripsit.
1228 3599 1293 3666 Sed
1317 3600 1357 3665 de
1372 3600 1557 3666 ΣΟῩΚΑΙ

274 3700 478 3766 dissentiunt
501 3701 563 3765 uiri
586 3698 674 3767 docti
698 3701 735 3765 ol.
751 3721 781 3785 p.
801 3701 841 3764 12
858 3720 931 3785 app.
948 3700 1030 3784 crit.;
1054 3720 1192 3784 quorum
1213 3701 1328 3764 tamen
1344 3697 1552 3762 coniecturas

273 3799 408 3864 uberius
432 3801 577 3864 tractare
593 3799 728 3863 minime
753 3819 837 3884 opus
853 3799 913 3863 est.
944 3796 1030 3863 Nam
1047 3797 1204 3882 quoniam
1220 3795 1325 3861 lenior
1339 3794 1382 3859 iit
1398 3795 1551 3878 mutatio,

275 3917 349 3961 cum
372 3916 514 3983 paruum
537 3895 671 3982 aliquod
694 3895 833 3962 uerbum
857 3894 1062 3961 intercidisse
1079 3915 1180 3980 quam
1197 3915 1271 3959 cum
1286 3912 1389 3958 unam
1405 3891 1553 3958 litteram

275 3997 462 4080 corruptam
487 4016 560 4060 esse
584 3995 778 4060 statuimus:
803 3993 859 4079 qui
881 3995 939 4058 uia
955 4014 994 4059 ac
1008 3993 1137 4058 ratione
1154 3990 1345 4078 proceditis
1361 3989 1551 4072 Britannos,

274 4093 331 4176 qui
360 4094 447 4157 inter
477 4101 536 4158 σοῦ
568 4096 601 4158 et
631 4095 684 4157 καὶ
714 4093 914 4157 inseruerint
935 4087 1013 4180 (re),
1045 4095 1203 4175 sequetur
1227 4085 1261 4153 et
1283 4108 1419 4153 uersum
1442 4087 1486 4154 70
1506 4086 1554 4152 sic

273 4189 557 4276 interpretabitur,
581 4193 619 4256 ut
635 4211 653 4255 e
669 4189 771 4255 uerbo
788 4191 988 4273 ἐμβαλόντος,
1013 4187 1102 4274 quod
1125 4185 1320 4253 ‘inserendi'
1341 4185 1469 4251 habeat
1484 4184 1554 4249 uim

277 4287 325 4370 (ol.
346 4287 434 4353 Plut.
455 4288 533 4354 Mor.
555 4287 661 4353 334F
691 4290 805 4353 τούτωι
832 4289 860 4352 δ’
893 4290 936 4358 εἴς
959 4311 1024 4351 τινα
1048 4284 1237 4370 κώμωιδίαν
1261 4285 1427 4368 ἐμβαλόντι
1450 4285 1554 4365 στίχον

274 4387 429 4470 αίτητικδν
438 4389 570 4469 γελάσας
581 4389 684 4451 ἔδωκε
697 4388 774 4450 δέκα
786 4387 919 4450 τάλαντα
930 4382 1020 4450 Cass.
1032 4383 1093 4450 Dio
1107 4383 1192 4448 LVll
1207 4383 1256 4463 15,
1268 4384 1287 4446 2
1308 4385 1331 4446 t.
1343 4381 1372 4446 Π
1384 4402 1414 4466 p.
1428 4380 1553 4462 572,15

274 4483 472 4550 Boissevain
494 4485 665 4569 βουληθείς
688 4485 835 4566 καὶπερὶ
863 4484 977 4547 τούτου
1009 4509 1035 4547 τι
1066 4484 1169 4565 δόγμα
1196 4488 1324 4564 ποιῆσαι
1347 4480 1506 4544 ἐκώλυσεν
1522 4479 1555 4548 ἒς

275 4584 351 4648 αὐτὸ
381 4584 417 4648 τὸ
448 4585 552 4667 ὄνομα
582 4584 617 4647 τὸ
649 4589 704 4646 τοῦ
736 4583 937 4665 ἐμβλήματος
969 4582 1015 4653 ὡς
1048 4582 1101 4646 καὶ
1127 4579 1309 4663 Ἑλληνικόν
1343 4577 1551 4661 ἐμβληδῆναι,

275 4684 375 4746 καίτοι
406 4682 453 4765 μὴ
489 4684 574 4765 ἔχων
608 4682 699 4751 ὅπως
732 4681 912 4763 ἐπιχωρίως
942 4681 1019 4745 αὐτὸ
1050 4680 1215 4762 ἀνομάσηιλ
1238 4674 1381 4761 pendere
1416 4675 1556 4740 censeat
