3442 5130
313 1153 512 1259 Menandri
535 1194 656 1259 summi
679 1195 799 1280 poetae
816 1193 931 1259 comici
952 1194 1142 1278 fragmenta?
1157 1197 1337 1281 postquam
1353 1194 1484 1280 collegit

207 1292 400 1358 Theodorus
415 1290 509 1357 Kock
533 1292 614 1358 OAF
628 1291 672 1356 HI
687 1312 716 1377 p.
734 1291 846 1377 3sqq,
871 1312 977 1378 nuper
999 1291 1113 1358 multis
1136 1293 1282 1379 reliquiis
1307 1313 1383 1359 cum
1406 1293 1485 1360 alibi

206 1393 279 1455 tum
309 1390 344 1454 in
379 1390 478 1455 cartis
501 1389 674 1475 Aegyptiis
708 1389 846 1475 repertis
876 1389 1016 1456 feliciter
1046 1393 1148 1457 aucta
1177 1411 1251 1456 esse
1286 1410 1385 1457 nemo
1415 1413 1485 1457 non

206 1486 339 1571 gaudet
386 1486 475 1568 Quas
498 1486 655 1573 reliquias
679 1507 754 1552 cum
777 1486 1006 1571 tractabimus,
1032 1508 1324 1575 unumquemque
1349 1509 1484 1555 uersum

205 1585 496 1671 interpretabimur
526 1583 748 1671 iudiciumque
773 1588 937 1671 quantum
963 1587 1146 1672 poterimus
1169 1585 1386 1672 proferemus,
1418 1607 1483 1672 quo

205 1682 304 1748 modo
320 1703 406 1770 quae
421 1684 609 1769 temporum
623 1703 798 1768 rerumque
820 1681 931 1748 deleta
946 1685 1026 1748 sunt
1040 1683 1228 1769 iniquitate,
1245 1704 1287 1750 00
1302 1683 1484 1751 reficienda

206 1801 280 1846 esse
311 1801 516 1862 censeamus,
550 1800 618 1846 non
652 1801 718 1866 quo
749 1782 823 1867 ipsa
856 1783 976 1865 poetae
1007 1781 1112 1847 uerba
1134 1781 1261 1868 passim
1285 1781 1483 1848 coniecturis

206 1878 345 1964 adsequi
360 1878 566 1960 studeamus,
590 1877 650 1945 sed
671 1899 725 1944 res
741 1879 914 1965 inprimis,
939 1879 1126 1945 sententias
1142 1883 1348 1962 argumenta.
1373 1881 1483 1966 Atque

206 1978 269 2042 hac
293 1976 427 2063 quidem
448 1977 483 2040 in·
506 1997 541 2042 10
566 1977 594 2041 31
621 1996 689 2041 000
719 1996 893 2062 nunquam
922 1978 962 2043 ut
991 1997 1110 2042 uerum
1139 1976 1355 2044 inueniamus
1385 1977 1483 2044 nobis

206 2095 274 2139 non
298 2074 479 2158 contigerit,
511 2076 627 2139 tamen
650 2075 705 2159 qui
732 2073 856 2158 legant,
888 2094 946 2139 eos
978 2073 1103 2160 aliquid
1134 2073 1231 2141 nobis
1254 2073 1483 2159 indulgentiae

207 2192 281 2238 esse
320 2191 533 2238 concessuros
571 2192 754 2257 3110101003,
794 2175 970 2258 propterea
1008 2171 1097 2257 quod
1136 2192 1179 2237 ex
1215 2171 1369 2238 frustulis
1402 2193 1482 2259 prae

208 2269 484 2335 Menandrcarum
531 2268 722 2334 fabularum
764 2270 893 2352 ingenti
936 2290 1074 2335 numero
1112 2271 1185 2336 tam
1223 2270 1353 2354 exiguis
1396 2291 1482 2356 quae

207 2366 469 2453 praeclarissimo
514 2365 602 2431 illius
648 2367 780 2449 ingenio
827 2366 995 2450 elegantia
1040 2370 1222 2434 uenustate
1269 2366 1369 2452 digna
1415 2368 1483 2435 sint

207 2466 396 2548 excogitare
412 2484 512 2550 saepe
529 2467 582 2530 est
598 2462 838 2549 difficillimum,
856 2486 956 2552 saepe
974 2465 1152 2548 dlificilius,
1169 2486 1271 2552 quam
1288 2469 1327 2531 ut
1346 2465 1481 2532 nostrae

208 2566 390 2650 suppetant
413 2562 535 2628 aetatis
558 2562 646 2628 uires
670 2565 772 2647 atque
797 2563 943 2628 scientia.

312 2662 361 2726 Ac
384 2661 526 2748 primum
550 2659 684 2746 quidem
709 2659 846 2726 fabulae
868 2661 1022 2745 Γεωργός
1038 2682 1124 2748 quae
1139 2664 1281 2727 uocatur
1296 2661 1339 2728 87
1363 2682 1482 2727 uersus

207 2753 311 2824 edidit
332 2757 444 2824 Nicole
469 2759 524 2823 ‘Le
554 2758 732 2832 laboureur
763 2756 803 2824 de
826 2757 1028 2843 Menandre',
1057 2758 1137 2825 Bale
1162 2761 1196 2824 et
1220 2757 1357 2826 Geneve
1384 2759 1481 2843 18983

205 2878 289 2942 quos
312 2878 429 2922 uersus
452 2859 684 2922 tractauerunt

311 2953 407 3038 Weil,
432 2953 572 3020 Journal
594 2953 652 3018 des
677 2953 824 3019 Savants
849 2953 935 3018 1897
959 2974 989 3040 p.
1006 2954 1152 3041 etesqq.

313 3051 419 3134 91033,
442 3051 503 3116 Lit.
521 3050 700 3117 Contu-BL
725 3051 810 3116 1897
835 3050 894 3117 001.
921 3051 1006 3118 1648
1015 3073 1084 3138 sqq.

312 3171 343 3216 v.
359 3147 841 3232 Wilamowitz-Miillendorff,
877 3149 1046 3216 Deutsche
1080 3149 1267 3232 Lit-Zeitg.
1299 3151 1383 3216 1897
1422 3150 1480 3218 col.

420 3245 564 3331 1734sq.

311 3343 401 3427 Ellis,
427 3343 748 3411 010331100111001001
769 3343 815 3408 XI
841 3343 926 3409 1897
949 3365 979 3431 p.
995 3345 1118 3430 417sq.

312 3441 405 3508 Platt
427 3443 469 3507 ib.
492 3463 522 3528 p.
538 3441 617 3526 4183
640 3440 782 3527 Kenyon
804 3441 847 3508 ib.
869 3464 900 3529 p.
915 3441 982 3509 453
995 3463 1064 3529 sqq.

312 3538 465 3623 Schenkl,
478 3538 690 3605 ι1011103110110
708 3538 737 3605 d.
752 3541 865 3606 1131011.
874 3539 1204 3606 archaellnstitutsl
1219 3540 1304 3606 1898
1315 3562 1345 3627 p.
1357 3539 1401 3606 49
1411 3562 1479 3627 sqq.

311 3637 523 3720 Herwerden,
546 3636 629 3702 Berl.
645 3636 761 3704 Philol.
776 3636 1012 3705 Wochenschr.
1028 3637 1136 3703 XVIII
1162 3638 1246 3704 1898
1270 3659 1299 3724 p.
1316 3639 1359 3704 59
1371 3659 1419 3724 sq.

204 3734 320 3802 Paullo
352 3739 466 3802 autem
496 3737 583 3821 post,
615 3755 690 3800 cum
713 3734 809 3800 Blass
837 3735 1013 3822 laques
1044 3739 1204 3821 quattuor
1235 3757 1309 3802 0330
1339 3736 1480 3821 paginas

205 3833 311 3900 editor
333 3836 524 3919 putauerat,
556 3832 692 3898 easdem
723 3854 796 3898 esse
825 3832 909 3899 duas
934 3833 1241 3913 demonstrauisset,
1274 3834 1396 3898 iterum
1418 3833 1480 3900 hos

205 3952 322 3996 uersus
347 3930 521 3996 ediderunt
544 3929 691 3996 Grenfell
711 3931 859 4012 8111001,
883 3931 1094 3997 ‘Menandcrs
1117 3932 1279 4014 Γεωργός,
1304 3951 1326 3995 0
1348 3932 1480 3998 10113011

203 4027 347 4094 Γ1011101
374 4028 432 4093 the
456 4027 595 4094 Geneva
617 4028 816 4112 Fragment',
842 4029 965 4096 Oxlord
991 4028 1084 4095 1898.
1131 4027 1220 4108 Quos
1251 4029 1341 4094 uiros
1365 4027 1479 4094 doctos

202 4147 280 4192 cum
301 4126 467 4213 permulta
489 4127 611 4192 rectius
635 4127 754 4209 legisse
778 4147 879 4211 quam
902 4127 1041 4213 priorem
1057 4126 1217 4192 editorem
1240 4126 1325 4192 satis
1348 4129 1480 4192 constet

202 4225 289 4291 inter
312 4245 436 4308 omnes,
460 4225 496 4288 in
518 4226 590 4310 Ipso
621 4224 798 4290 uerborum
828 4227 989 4290 contextu
1012 4245 1112 4310 quem
1136 4222 1250 4290 dicunt
1272 4223 1479 4291 restItuendo

204 4342 272 4387 non
302 4323 366 4388 nisi
397 4341 439 4388 ex
470 4343 584 4388 eorum
599 4320 891 4409 proficiscendum
926 4330 978 4390 est
1007 4321 1215 4388 lectionibus.
1260 4321 1421 4388 Necnon
1444 4321 1479 4387 in

203 4417 420 4486 adnotatione
437 4419 551 4485 critica
566 4441 652 4506 quae
669 4423 810 4485 uocatur
826 4419 1054 4506 componenda
1070 4439 1130 4485 eae
1146 4418 1292 4485 uirorum
1308 4418 1479 4485 doctorum

204 4538 303 4603 supra
341 4519 535 4604 scriptorum
582 4517 790 4583 coniecturae
835 4537 922 4603 quae
961 4539 982 4582 0
1019 4515 1210 4583 melioribus
1248 4516 1479 4581 Britannorum

204 4613 401 4682 lectionibus
438 4614 614 4681 discedunt
657 4616 790 4680 omnino
825 4614 895 4680 fere
936 4618 1016 4680 sunt
1050 4613 1376 4701 praetermittendae.
1430 4615 1479 4679 Ac
