3448 5134
777 351 1020 413 -114-

261 528 478 610 ἀμβλυτέρους
500 527 555 611 τὴν
579 528 683 610 φύσιν,
708 529 741 591 ἑν
765 528 812 599 οἷς
835 531 874 592 ἂν
897 530 1054 612 ἀξιόλογοι
1076 531 1254 613 βούλωνται
1278 533 1424 614 γενέσθαι
1443 541 1538 597 τοῦτο

260 627 313 689 καὶ
335 625 510 708 μανθάνειν
533 626 587 688 καὶ
608 626 740 708 μελετᾶν
764 624 851 690 alibi.

366 721 432 787 Sed
455 743 538 809 quos
562 724 736 807 praeterea
751 721 848 787 Blass
871 722 890 788 l.
908 745 932 790 s,
956 724 1053 789 restit
1079 725 1104 790 't
1126 745 1245 790 uersus
1261 726 1292 791 ei
1305 729 1449 811 possunt
1465 729 1538 814 qui-

260 818 336 886 dem
359 840 432 886 esse
457 818 654 901 comoediae,
677 819 851 885 Menandri
873 824 989 887 tamen
1012 842 1086 888 esse
1111 821 1247 888 eosdem
1261 843 1304 888 ne
1320 845 1388 891 uno
1405 824 1538 911 quidem

259 920 455 1002 argumento
478 921 592 1005 potest
615 917 714 984 effici.

855 1149 938 1215 XIII.

675 1265 802 1349 Νηρήις
825 1291 868 1336 τις
891 1267 941 1330 ἐπὶ
964 1267 1117 1349 δελφῖνος.

364 1380 436 1446 Hoc
458 1380 684 1464 fragmentum
707 1401 725 1445 e
749 1380 867 1446 hexico
888 1381 1097 1447 Messanensi
1119 1380 1141 1447 f.
1158 1381 1220 1446 281
1235 1403 1258 1447 r.
1284 1403 1385 1467 quam
1407 1387 1537 1470 partem

259 1500 332 1544 esse
349 1479 404 1545 Ori
426 1477 501 1544 libri
524 1478 580 1564 qui
604 1481 657 1544 est
680 1477 720 1544 dc
745 1477 980 1564 orthographia
995 1479 1224 1545 Reitzenstein
1249 1478 1456 1562 (Geschichte
1480 1479 1537 1547 der

258 1576 483 1660 griechischen
514 1575 743 1662 Etymologica
774 1598 803 1662 p.
827 1575 892 1642 289
917 1581 996 1663 sqq.)
1028 1577 1158 1660 magnis
1190 1580 1395 1661 argumentis
1427 1580 1535 1662 euicit,

260 1673 363 1740 edidit
377 1674 482 1757 Rabe,
498 1674 560 1740 Rh.
576 1674 618 1739 M.
629 1673 683 1757 47,
704 1673 787 1739 1892
804 1696 834 1761 p.
847 1674 912 1740 406
936 1676 971 1739 et
991 1674 1034 1740 ib.
1050 1674 1102 1757 50,
1121 1675 1208 1741 1895
1225 1696 1255 1761 p.
1272 1675 1353 1741 149:
1375 1677 1537 1760 Νηρῆιόες

258 1774 315 1840 σὺν
343 1780 401 1838 τῶι
428 1776 463 1837 ἰ’
488 1775 534 1844 ὡς
557 1774 724 1857 Βρισῆιὸες
742 1773 946 1857 Ἐρεχιλῆιὸες
969 1774 1154 1858 Καὸμῆιόες
1182 1773 1325 1858 Οἰνῆιὸες
1347 1775 1536 1859 Χρυσῆιόες.

246 1877 478 1956 ’συναιροῦντας
501 1871 561 1954 γὰρ
585 1873 691 1954 ἔλεγον
713 1871 855 1936 Αττικοί·
878 1910 923 1916 -
945 1909 991 1919 -
1011 1909 1057 1918 -
1080 1873 1130 1936 ἐπὶ
1154 1873 1189 1936 δὲ
1211 1881 1266 1956 τῆς
1289 1875 1414 1944 εὐθείας
1433 1875 1537 1957 ἑνικῆς

257 1965 451 2034 τὰτοιαῦτα
482 1971 624 2040 σπανίως
655 1966 918 2058 συναλ<ο>ίφεται
942 1970 1150 2052 Μένανδρος·
1178 1970 1305 2054 Νηρήις
1326 1995 1372 2042 τις
1394 1971 1444 2034 ἐπὶ
1468 1971 1535 2035 dea

257 2073 358 2151 φῒνος.
400 2067 450 2132 Ac
473 2064 645 2132 deforma
663 2067 789 2151 Νηρήις
813 2065 852 2132 cf.
868 2065 973 2152 Apoll.
989 2066 1087 2153 Dysc.
1110 2068 1182 2148 περὶ
1205 2069 1405 2151 ἀντωνομίας
1430 2067 1490 2132 111
1509 2067 1535 2132 Β

256 2184 287 2250 p.
303 2164 356 2248 87,
373 2164 413 2229 12
429 2163 609 2229 Schneider
635 2166 715 2228 κατὰ
738 2165 794 2249 τὴν
823 2165 1004 2248 πρόσληψιν
1026 2172 1082 2229 τοῦ
1106 2167 1141 2228 ἰ’
1165 2165 1252 2229 καθὸ
1275 2165 1461 2248 Καὸμῆιὸες
1483 2165 1537 2229 καὶ

257 2262 428 2346 Νηρῆιὸες.
467 2260 624 2327 Ohoerob.
648 2261 683 2326 in
706 2260 828 2327 Theod.
844 2261 895 2326 Al.
920 2281 991 2329 can.
1015 2261 1115 2327 schol.
1139 2283 1169 2347 p.
1186 2261 1261 2346 184,
1278 2260 1318 2327 16
1330 2283 1378 2348 sq.
1398 2259 1536 2345 Hilgerd

256 2380 286 2445 p.
301 2359 377 2442 236,
391 2359 433 2424 23
449 2381 479 2445 p.
492 2359 601 2441 240,6
620 2379 650 2444 p.
663 2359 818 2444 242,7p.
832 2359 907 2444 247,
920 2359 964 2424 25
981 2381 1010 2445 p.
1024 2358 1165 2442 381,35.
1200 2358 1338 2426 Ordnert
1360 2358 1379 2426 l.
1396 2381 1421 2425 s.
1436 2380 1466 2446 p.
1484 2359 1535 2424 39.

257 2456 306 2522 De
329 2457 403 2542 ipsa
426 2461 538 2523 autem
562 2478 598 2523 re
621 2457 722 2522 uelim
746 2456 898 2523 conferas
912 2456 1011 2522 Plinii
1029 2457 1269 2539 testimonium,
1295 2458 1351 2543 qui
1366 2456 1443 2523 Nat.
1459 2456 1535 2523 hist.

257 2554 310 2638 36,
321 2555 364 2619 26
388 2553 458 2621 t.V
480 2576 510 2641 p.
528 2555 639 2640 158,4
665 2554 838 2620 Detleisen
869 2576 945 2620 curn
976 2554 1016 2620 de
1048 2554 1174 2640 Scopae
1205 2553 1352 2640 loquitur
1382 2554 1535 2641 operibus

256 2650 341 2718 haec
369 2650 486 2718 tradit:
517 2651 596 2718 ‘Sed
627 2653 662 2717 in
692 2653 841 2718 maxima
871 2653 1063 2736 dignatione
1095 2652 1232 2719 delubro
1260 2651 1317 2717 On.
1340 2651 1478 2717 Domitii
1501 2652 1536 2717 in

258 2750 341 2816 circo
364 2749 526 2815 Flaminio
549 2749 727 2836 Neptunus
757 2752 827 2838 ipse
860 2754 895 2816 et
918 2750 1034 2816 Thetis
1066 2753 1168 2836 atque
1190 2749 1346 2835 Achilles
1377 2748 1535 2816 Nereides

257 2868 359 2933 supra
382 2847 554 2934 delphinos
581 2852 615 2914 et
637 2851 710 2914 cete
734 2851 796 2914 aut
818 2849 1054 2936 hippocampos
1078 2847 1254 2914 sedentes?
1278 2886 1319 2895 —
1341 2846 1381 2915 ci.
1404 2845 1534 2930 Helbig‚

257 2943 370 3033 Symb.
392 2945 503 3032 philol.
526 2945 631 3012 Bonn.
653 2947 668 3011 I
691 2969 720 3033 p.
737 2946 802 3012 362
815 2968 884 3033 sqq.

852 3186 938 3252 XIV.

416 3316 530 3378 ἅπαντι
554 3314 678 3396 δαίμων
702 3314 794 3396 ἀνδρὶ
816 3315 1065 3395 συμπαρίσταται

416 3438 514 3509 εὐθὺς
537 3439 710 3520 γενομένωι
731 3437 943 3520 μυσταγωγὸς
964 3444 1020 3501 τοῦ
1043 3439 1114 3520 βίον

416 3564 540 3646 ἀγαθός
553 3583 559 3596 ·
572 3561 675 3626 κακὸν
699 3562 759 3644 γὰρ
784 3562 912 3644 δαίμον’
939 3562 978 3625 οὗ
1001 3562 1166 3644 νομιστέον

417 3690 495 3753 εἶναι
516 3690 587 3772 βίον
610 3688 786 3770 βλάπτοντα
809 3686 946 3770 χρηστόν
962 3723 1006 3732 -
1030 3715 1044 3731 ν
1067 3722 1112 3731 -

364 3813 394 3878 5.
417 3842 430 3858 ⁹
444 3849 489 3858 -
504 3814 626 3876 ἅπαντα
651 3811 684 3876 δ’
709 3810 834 3893 ἀγαθὸν
856 3809 934 3874 εἶναι
955 3809 1009 3874 τὸν
1033 3809 1120 3874 θεόν.

416 3938 487 4001 ἀλλ’
512 3939 543 4001 οἱ
565 3936 729 4018 γενόμενοι
751 3941 815 4005 τοῖς
837 3935 966 4017 τρόποις
988 3933 1077 3998 αὐτοὶ
1099 3932 1194 3996 κακοὶ

362 4153 418 4197 uu.
438 4131 522 4196 1-5
535 4161 578 4186 =
591 4131 675 4196 Men.
691 4130 728 4194 ir.
744 4129 818 4194 550.
834 4130 896 4194 551
909 4128 947 4193 K.
964 4126 1045 4193 ΘΑΕ
1060 4126 1104 4190 ΙΙΙ
1126 4147 1157 4212 p.
1176 4125 1238 4192 167
1255 4146 1302 4212 sq.
1315 4155 1359 4180 =
1371 4123 1471 4191 Glem.
1483 4123 1533 4190 Ah

255 4255 356 4340 V14,
380 4255 443 4322 130
470 4276 500 4341 p.
520 4255 585 4321 727
609 4255 732 4320 Potter.
757 4274 811 4319 uu.
836 4251 943 4318 1-10
967 4272 984 4316 e
1008 4249 1118 4316 codice
1142 4249 1292 4316 Parisino
1317 4249 1370 4316 Gr.
1389 4247 1457 4314 454
1484 4246 1534 4314 ed.

254 4380 390 4465 Hauler,
415 4379 542 4447 Eranos
559 4378 698 4446 Uindob.
721 4400 751 4465 p.
768 4378 833 4444 334
849 4398 918 4464 sqq.
943 4398 973 4443 u
991 4377 1023 4441 1:
1048 4378 1139 4460 ἀνδρὶ
1163 4375 1258 4441 deest
1274 4372 1342 4442 cod.
1358 4373 1431 4440 Par.
1451 4395 1482 4438 u.
1499 4371 1533 4438 3:

255 4509 429 4592 νομαστέον
452 4503 609 4571 cod.Pa1.
632 4526 664 4569 11.
679 4502 714 4569 4:
737 4506 808 4587 βίον
832 4505 871 4567 οὐ
892 4503 1068 4586 βλάπτοντα
1083 4502 1202 4585 θνητόν
1219 4497 1287 4566 cod.
1303 4498 1376 4564 Par.
1397 4498 1535 4583 χρηστόν

257 4630 356 4698 Olem.
379 4652 411 4696 11.
426 4629 527 4696 4-5:
559 4631 633 4695 οὐδ’
660 4631 740 4712 ἔχειν
767 4630 882 4693 κακίαν
910 4624 978 4692 cod.
1002 4626 1085 4708 Pan,
1110 4623 1171 4691 del.
1194 4624 1322 4690 Usener
1343 4623 1405 4690 Rh
1421 4621 1463 4688 M.
1479 4621 1532 4706 55,
