3448 5134
720 377 1081 444 ..71-.

187 557 221 623 in
234 555 348 642 aliqua
358 554 459 621 huius
470 554 607 620 tabulae
624 575 748 620 scaena
763 555 897 620 uberius
914 575 988 620 esse
1006 554 1214 641 disputatum
1231 575 1410 638 cognosces
1428 577 1470 622 ex

188 655 322 721 Terenti
336 653 419 720 Eun.
436 653 494 718 112
512 656 575 735 (nu.
592 653 658 719 232
679 657 768 739 sqq),
791 673 891 739 qnam
913 673 1069 719 scaenam
1091 651 1131 718 de
1154 643 1327 719 Menandri
1351 653 1469 720 Colace

187 753 267 819 Ater
282 751 457 818 transtulit
480 750 530 830 (ci.
547 750 617 817 Ter.
633 750 716 817 Eun.
736 750 798 835 30).
837 749 963 817 Deinde
988 750 1028 818 de
1050 774 1082 816 n.
1107 750 1150 816 52
1165 753 1303 817 ineunte
1318 751 1471 818 Britanni

187 851 273 917 haec
289 848 423 915 docent:
447 852 494 914 ‘iu
517 858 573 934 τῆς
595 851 720 921 πόλεως
739 847 768 914 is
792 870 837 915 an
853 849 993 915 obvious
1009 850 1219 932 restoration,
1242 848 1304 914 but
1319 850 1346 914 it
1362 871 1471 916 seems

187 946 380 1034 impossible
402 950 436 1013 to
453 949 510 1031 get
535 968 572 1012 so
596 947 696 1012 much
719 948 790 1013 into
814 948 872 1013 the
889 947 1023 1031 lacuna3
1047 949 1169 1032 ἀγορᾶς
1188 947 1217 1012 is
1234 947 1305 1012 also
1321 949 1357 1012 to
1372 946 1470 1031 long.’

188 1048 238 1113 Ac
262 1045 351 1132 quod
374 1046 440 1112 Leo
465 1046 597 1131 scripsit
620 1049 656 1110 ἐκ
678 1054 733 1130 τῆς
756 1043 892 1134 [πόλεως
911 1043 1008 1134 μισ]ῶ
1033 1071 1067 1111 σε
1091 1067 1116 1112 e.
1134 1067 1162 1131 q.
1179 1067 1214 1126 s,
1238 1053 1324 1129 μισῶ
1340 1071 1374 1112 σε
1389 1067 1472 1112 num

187 1145 295 1230 possit
318 1146 408 1209 stare
425 1143 552 1209 dubito.
591 1143 678 1209 Nam
694 1145 774 1209 ante
791 1142 887 1206 ΩΣΕ
899 1143 1047 1208 litteram
1061 1144 1282 1226 Pagnouisse
1315 1143 1473 1210 uidentur

188 1242 354 1324 Britanni,
378 1261 480 1328 quam
504 1241 660 1325 litteram,
694 1262 769 1306 cum
800 1261 886 1326 qnae
918 1243 999 1306 sunt
1028 1239 1154 1307 tradita
1180 1241 1471 1328 transcripserunt,

189 1340 374 1406 omiserunt
389 1337 532 1425 quidem,
555 1341 669 1405 tamen
686 1339 722 1403 in
736 1341 835 1404 textu
851 1339 909 1425 qui
924 1341 1065 1404 uocatur
1080 1339 1225 1425 positam
1241 1339 1288 1405 eis
1306 1338 1470 1424 cancellis,

190 1438 310 1524 quibus
342 1458 429 1524 qnae
460 1438 494 1502 in
526 1440 620 1503 carta
649 1457 719 1502 non
750 1439 870 1503 extant
899 1437 1031 1502 litteras
1066 1436 1221 1502 exhibere
1253 1438 1372 1521 solent,
1404 1458 1472 1502 non

188 1535 404 1602 incluserunt.
443 1534 509 1601 Sed
533 1556 575 1601 ne
598 1533 718 1617 longus
743 1537 814 1618 sim
846 1555 914 1600 rem
947 1534 1207 1601 consideremus:
1231 1536 1266 1601 in
1288 1535 1361 1602 foro
1385 1556 1472 1622 quae

190 1635 388 1700 enarrantur
417 1633 523 1716 finnt3
556 1633 650 1719 atqui
681 1632 885 1698 uocabulum
914 1635 1017 1718 ἀγορά
1044 1635 1155 1719 ipsum
1185 1634 1317 1719 probari
1346 1635 1473 1719 nequit

189 1731 274 1815 Ergo
307 1734 523 1817 expectamus
555 1731 656 1798 aliam
690 1730 859 1817 quandam
893 1732 972 1818 poni
1011 1752 1136 1816 uocem,
1173 1752 1241 1819 qua
1273 1729 1384 1797 forum
1418 1730 1473 1796 uel

189 1829 252 1897 fori
274 1850 352 1915 pars
383 1829 598 1912 significetur.
637 1828 722 1909 Quid
752 1828 871 1916 plura?
910 1829 990 1896 Cum
1021 1833 1051 1894 τί
1076 1832 1234 1901 διδάσκεις
1265 1827 1354 1895 dicat
1385 1829 1472 1895 adn-
1508 1835 1510 1840 “

189 1927 319 1995 lescens
343 1930 445 2013 atque
470 1929 565 1993 totus
588 1927 681 1993 locus
706 1926 848 1993 colorem
879 1927 1006 1992 habeat
1036 1928 1203 2013 quendam
1230 1929 1269 1992 ut
1292 1927 1342 1993 ita
1365 1927 1474 1992 dicam

190 2025 465 2113 philosophicum,
498 2025 615 2091 statim
645 2026 681 2090 in
711 2027 858 2090 mentem
889 2024 984 2090 uenit
1011 2025 1185 2092 clarissimi
1215 2023 1304 2090 illins
1334 2025 1407 2107 loci,
1439 2025 1474 2089 in

191 2145 257 2211 quo
280 2122 454 2190 Menandri
478 2126 592 2190 aetate
602 2125 625 2206 ¹)
649 2123 737 2189 Zeno
760 2122 978 2210 philosophus
1002 2123 1156 2189 Citiensis
1188 2123 1304 2189 docere
1332 2121 1473 2204 solebat,

190 2222 232 2288 de
257 2242 322 2307 quo
345 2220 417 2286 loco
446 2221 517 2286 eius
549 2220 702 2307 discipuli
732 2242 855 2287 nomen
878 2224 1067 2287 traxerunt:
1098 2221 1263 2306 porticum
1285 2219 1377 2285 illam
1401 2219 1473 2286 dico

190 2340 293 2406 quam
324 2320 400 2384 στοὰ
431 2321 556 2404 ποικίλη
590 2320 798 2401 υοοτδτηῌ)
844 2317 960 2405 Neque
982 2319 1136 2405 ineptum
1166 2318 1300 2384 uidetur
1331 2317 1473 2384 scribere

731 2444 791 2483 ovu
815 2443 887 2483 απει

405 2519 441 2580 ἐκ
464 2524 519 2601 τῆς
542 2513 646 2604 [στοᾶς
673 2513 833 2604 adpones·
943 2518 1004 2582 aut
1038 2517 1188 2581 statuere
1223 2514 1474 2580 adulescentem

193 2635 235 2680 ex
258 2613 381 2680 oinium
405 2614 687 2697 consuetudine,⁸)
712 2615 768 2701 qui
791 2613 927 2679 cottidie
951 2614 1106 2679 solebant
1127 2613 1162 2678 in
1185 2611 1242 2678 illa
1258 2613 1386 2699 porticu
1402 2633 1474 2677 am-

84 2747 86 2751 .
192 2712 317 2794 bulare,
342 2733 400 2798 per
423 2712 586 2798 porticum
609 2712 771 2778 transisse
795 2715 835 2777 nt
857 2711 982 2778 amicos
1007 2711 1180 2793 salutaret,
1206 2711 1281 2776 alia.

300 2811 371 2876 lam
404 2808 447 2875 ad
479 2831 520 2876 ea
551 2831 637 2897 qnae
662 2809 702 2876 de
733 2810 886 2875 uersibus
910 2811 1041 2875 52-62
1066 2808 1263 2894 explanauit
1294 2808 1361 2874 Leo
1392 2805 1476 2872 nihil

193 2908 301 2975 habeo
327 2907 415 2995 quod
446 2929 536 2974 nunc
560 2907 692 2990 addam,
721 2909 787 2974 nisi
810 2908 899 2994 quod
921 2907 1064 2974 formam
1088 2909 1208 2992 ἑόρακα
1232 2907 1322 2992 apud
1344 2905 1476 2971 Atticos

193 3009 312 3093 poetas
346 3006 508 3072 usitatam
543 3004 648 3072 fnisse
677 3008 820 3089 constat,
853 3007 891 3072 ct.
914 3005 1042 3072 Porson
1073 3005 1117 3071 ad
1140 3004 1215 3071 Eur.
1235 3005 1359 3070 Phoen.
1381 3004 1476 3069 1367.

192 3104 279 3170 Men.
303 3103 341 3171 fr.
358 3105 423 3171 337
440 3103 479 3170 K.
505 3103 586 3170 dnn
600 3105 644 3170 ΠΙ
667 3127 697 3190 p.
714 3105 757 3170 98

401 3213 557 3277 Ἄπολλον
580 3214 768 3295 ἀνθρώπων
790 3216 850 3277 τιν’
875 3213 1070 3293 ἀθλιώτερον

408 3312 563 3392 ἑόρακας,·
591 3309 646 3393 ἆρ’
671 3312 793 3393 ἐρῶντα
818 3311 1103 3394 δυσπντμώτερον;

195 3429 231 3492 et
246 3423 335 3511 quod
350 3448 405 3491 uu.
422 3425 465 3491 55
483 3447 530 3511 sq.
555 3425 720 3511 copiosius
737 3428 872 3492 enarrat
886 3424 1070 3491 Menander
1087 3423 1204 3489 eadem
1220 3445 1306 3509 quae
1323 3422 1476 3508 Diphilus

193 3525 229 3589 in
252 3522 370 3588 fabula
384 3523 557 3608 ΓΑΜΟΣ,
583 3544 685 3608 qnam
707 3523 799 3589 haud
822 3525 871 3589 ita
894 3523 999 3588 multo
1023 3524 1101 3608 post
1120 3543 1247 3586 annum
1270 3543 1299 3586 a.
1316 3520 1347 3587 O.
1364 3542 1395 3586 n.
1412 3519 1476 3584 307

195 3620 329 3686 doctam
353 3641 426 3686 csse
454 3621 610 3706 probauit
633 3620 825 3687 Theodorus
848 3621 1005 3704 Wagner,
1030 3620 1279 3706 ‘Symbolarnm
1303 3619 1346 3685 ad
1370 3617 1478 3684 Comi-

195 3739 309 3785 oorum
332 3718 534 3786 Graecorum
558 3719 730 3786 historiam
755 3720 904 3785 criticam
928 3719 1039 3804 capita
1061 3717 1121 3782 IV’
1149 3740 1179 3803 p.
1196 3718 1248 3802 20,
1281 3716 1416 3782 breuius
1444 3716 1479 3780 et

196 3816 382 3900 elegantius
407 3817 491 3882 dixit
513 3817 551 3883 fr.
567 3818 612 3883 24
626 3817 665 3883 K.
691 3817 816 3884 OAFII
838 3841 868 3904 p.
885 3818 950 3884 547
1123 3819 1141 3881 ὁ
1165 3817 1225 3900 γὰρ
1248 3816 1348 3888 κόλαξ

409 3917 463 3980 καὶ
479 3918 652 4000 στρατηγὸν
667 3919 721 3981 καὶ
737 3919 893 4001 δυνάστην
908 3917 963 3980 καὶ
978 3918 1090 4000 φίλους
1105 3917 1159 3979 καὶ
1173 3915 1228 3985 τὰς
1242 3915 1348 3984 πόλεις

411 4016 575 4098 ἀνατρέπει
597 4016 696 4098 λόγων
719 4017 906 4098 κακούργων
928 4015 1046 4098 μικρὸν
1073 4014 1193 4096 ἡδύνας
1220 4014 1347 4096 χρόνον.

304 4111 341 4175 In
364 4111 613 4198 interpretando
637 4134 668 4178 n.
685 4111 728 4177 63
752 4111 952 4179 Fridericum
969 4110 1066 4177 Blass
1084 4112 1219 4176 secutus
1239 4131 1315 4175 snm
1338 4109 1394 4195 qni
1417 4107 1436 4173 1.
1453 4129 1479 4174 e.

195 4208 293 4274 haec:
322 4208 423 4274 ‘Aber
447 4210 532 4275 eben
556 4209 642 4275 οὗτοι
666 4213 699 4275 δ’
724 4212 800 4276 εἰσὶν
830 4213 935 4281 αὐτοῖς
962 4211 1067 4274 ἄθλιοι
1098 4207 1177 4275 oder
1206 4210 1320 4273 ἄθλιον
1349 4207 1478 4272 kdnnle

196 4306 316 4389 richtig
340 4306 424 4372 scin:
461 4307 550 4373 diese
587 4309 662 4375 sind
685 4308 736 4374 ihr
758 4306 935 4390 Ungliick’,
970 4307 1049 4372 licet
1083 4309 1165 4392 apta
1195 4327 1263 4372 non
1293 4302 1478 4369 inuenerim

306 4447 325 4516 ¹)
345 4448 476 4504 Colacem
509 4453 575 4519 post
603 4466 708 4504 annum
727 4467 752 4504 a.
775 4451 804 4505 C.
826 4449 879 4503 296
911 4451 1006 4503 actam
1025 4448 1109 4504 docet
1135 4448 1232 4502 Ericus
1259 4446 1357 4509 Bothe,
1386 4445 1478 4498 Herm.

196 4528 325 4584 XXXVII
345 4528 414 4583 1902
431 4545 459 4599 p.
471 4528 525 4583 278
536 4546 577 4600 sq.

306 4609 327 4678 2)
347 4608 383 4664 cf.
394 4609 522 4674 Judeich,
536 4609 734 4680 'Popographie
747 4626 805 4664 von
817 4609 910 4664 Athen
925 4625 952 4678 p.
965 4608 1019 4663 299
1031 4621 1092 4681 sqq.
1115 4605 1305 4662 Wachsmnth
1318 4603 1477 4676 1.s.p.447.

307 4689 325 4760 Β)
345 4690 380 4745 cf.
399 4690 527 4745 Philemo
548 4689 582 4744 fr.
595 4689 664 4754 28,3
677 4690 711 4744 K.
731 4689 837 4744 chun
855 4706 881 4760 p.
894 4688 955 4744 485.
