3442 5130
704 329 926 395 „17-

177 512 317 577 uocatur
342 528 410 574 non
433 506 661 572 inueniuntur.
695 505 807 592 Atque
831 505 895 571 hoc
918 508 1153 588 argumentum
1175 527 1234 592 per
1257 527 1293 572 se
1317 527 1392 572 curn
1416 507 1460 574 sit

178 629 220 674 ex
250 606 382 674 silentio
405 606 548 692 petitum
577 605 661 669 satis
684 604 850 669 infirmum
873 601 1037 670 refutauit
1059 602 1230 688 Dziatzko,
1255 603 1316 668 Rh.
1339 603 1381 669 M.
1405 606 1458 689 55,

180 705 265 772 1000
287 727 318 791 p.
337 703 401 770 104
412 725 491 791 sqq,
515 723 591 768 cum
611 702 646 767 in
670 724 711 768 ea
725 699 843 766 fabula
860 701 900 768 de
917 722 985 787 qua
999 700 1113 767 Plauti
1128 700 1282 787 Epidicus
1299 723 1460 788 expressa

178 806 239 882 est,
255 804 391 868 tratrem
407 821 553 867 sororem
569 797 793 885 eodempatre
805 801 914 865 matre
927 798 1122 865 alienatam
1136 798 1280 882 duxisse,
1296 798 1460 868 Maecium

21 940 43 980 ,-
79 983 80 988 ἵ
176 921 267 984 uero,
299 902 339 966 ut
360 900 587 965 Romanorum
618 897 792 963 hominum
822 897 922 962 moris
946 897 1111 963 rationem
1133 896 1283 978 haberet,
1315 896 1459 964 alterum

178 999 305 1066 exitum
329 997 536 1079 excogitasse
560 994 715 1063 ostendit.
751 994 843 1075 Quae
868 1015 943 1061 cum
966 995 1016 1061 ita
1039 995 1109 1061 sint
1131 995 1189 1060 uix
1212 994 1291 1061 licet
1307 994 1459 1062 dubitare

178 1096 257 1183 quin
272 1093 454 1161 Menander
470 1093 636 1180 scripserit
651 1114 683 1158 u.
699 1093 719 1160 9
732 1113 779 1178 sq.
800 1095 978 1176 ἒκδίὂωοιῑ)
989 1094 1024 1158 δὲ
1039 1090 1043 1181 l
1058 1090 1163 1181 [αὐτὸς
1179 1089 1206 1181 ὁ]
1223 1096 1327 1179 πατήρ
1345 1114 1371 1159 e.
1388 1115 1417 1180 q.
1433 1115 1458 1159 s.

176 1192 337 1280 Reliquae
362 1193 448 1258 enim
473 1212 557 1277 quas
581 1212 635 1256 uu.
653 1189 704 1255 dd.
728 1194 972 1277 proposuerunt
996 1192 1205 1256 coniecturae
1230 1212 1268 1257 eo
1292 1189 1458 1275 laborant,

177 1283 266 1378 quod
289 1310 432 1377 sponsae
462 1293 496 1356 et
519 1287 744 1355 adulescentis
766 1291 898 1375 patrem
926 1288 1069 1355 eundem
1094 1310 1168 1355 esse
1193 1289 1324 1356 disertis
1347 1288 1459 1355 uerbis

176 1409 244 1455 non
261 1388 388 1472 dicitur,
413 1386 447 1453 id
462 1386 561 1474 quod,
581 1407 655 1451 cum
671 1385 860 1453 rarissimae
876 1386 945 1453 sint
959 1385 1046 1453 tales
1062 1387 1211 1473 nuptiae,
1228 1385 1341 1473 procul
1358 1385 1458 1453 dubio

178 1486 241 1553 diei
264 1487 402 1573 oportet.
438 1484 586 1549 Transeo
603 1482 646 1550 ad
663 1505 693 1551 u.
712 1486 763 1568 11,
788 1506 853 1570 quo
871 1506 972 1551 uersu
988 1484 1028 1550 de
1045 1505 1170 1570 sponsa
1186 1484 1324 1572 eiusque
1339 1488 1457 1570 matre,

120 1609 122 1615 ’
176 1605 322 1651 nouerca
344 1604 417 1665 sua,
447 1581 645 1648 adulescens
668 1580 823 1668 loquitur.
867 1584 981 1669 Atque
1005 1603 1120 1649 omnes
1143 1581 1213 1648 fere
1236 1604 1291 1649 uu.
1316 1581 1367 1648 dd.
1390 1609 1458 1667 τρε-

177 1684 349 1768 φομένηςῖ)
385 1678 475 1767 quod
509 1681 561 1746 est
595 1679 757 1746 uaditum
791 1681 826 1746 in
859 1683 1039 1766 τρεφομένη
1074 1682 1301 1746 mutauerunt
1360 1679 1459 1746 Solus

180 1779 402 1846 Wilamowitu
418 1781 531 1844 cartae
546 1776 724 1844 lectionem
740 1778 942 1844 seruandam
959 1799 1032 1844 esse
1049 1777 1161 1844 docuit
1176 1777 1195 1844 1.
1208 1799 1233 1845 s.
1249 1800 1279 1864 p.
1292 1777 1358 1843 520
1373 1777 1458 1861 adn,

178 1879 212 1944 et
234 1876 355 1942 Kaibel
385 1874 555 1962 suppleuit
586 1873 649 1964 [τῆς
680 1877 715 1942 δὲ
744 1877 866 1961 μητρὸς
895 1873 959 1965 τῆς]
984 1879 1054 1942 νυνὶ
1077 1877 1226 1960 γυναικὸς
1247 1879 1457 1961 τρεφομένης;

177 1996 242 2062 quo
274 1977 309 2041 in
340 1973 570 2061 supplemento
603 1973 781 2057 genetiuus
803 1983 859 2058 τῆς
884 1976 918 2039 δὲ
939 1975 1062 2059 μητρὸς
1089 1995 1165 2039 eum
1194 1973 1284 2040 unde
1312 1973 1459 2060 pendeat

176 2094 246 2139 non
276 2073 359 2138 satis
391 2072 435 2137 sit
465 2070 659 2154 dilucidum,
694 2072 845 2158 possitne
876 2070 954 2138 ferri
985 2070 1216 2138 dubitauerim.
1269 2069 1340 2137 Neo
1369 2071 1459 2157 quod

177 2169 401 2237 Wilamowitz
426 2169 529 2235 uertit
552 2171 632 2235 ‘Das
650 2168 759 2251 Weib,
785 2169 845 2236 das
870 2191 904 2236 er
926 2171 1008 2256 jetzt
1030 2169 1086 2236 bei
1109 2169 1179 2236 sich
1203 2170 1284 2253 bat’‚
1310 2169 1458 2235 exomni

176 2270 272 2355 parte
296 2267 532 2334 adsentiemur.
566 2266 653 2332 Nam
679 2270 748 2333 νυνὶ
771 2289 845 2333 curn
869 2289 937 2333 non
961 2267 1006 2333 sit
1029 2269 1176 2355 positum
1198 2267 1286 2333 inter
1308 2267 1459 2350 γυναικὸς

178 2368 214 2432 et
235 2368 431 2450 τρεφομένης
454 2363 514 2430 sed
539 2367 619 2429 ante
646 2367 805 2447 γυναικὸς,
832 2387 906 2432 cum
929 2365 992 2432 hoc
1015 2365 1117 2431 uerbo
1140 2364 1274 2431 uidetur
1290 2385 1363 2430 esse
1380 2385 1459 2429 con-

177 2461 383 2547 iungendam
406 2464 441 2528 et
463 2460 667 2527 uertendum
690 2465 743 2529 ‘ea
766 2485 853 2549 quae
877 2484 968 2529 nuno
991 2463 1103 2529 uxoris
1119 2462 1191 2528 loeo
1207 2461 1317 2527 alitur'
1334 2493 1379 2518 =
1394 2462 1458 2528 ‘die

179 2583 214 2627 er
244 2561 294 2627 als
316 2559 415 2626 Weib
447 2560 529 2646 jetzt
559 2560 614 2626 bei
643 2558 714 2626 sich
737 2560 817 2627 hat’.
864 2560 948 2645 Ergo
973 2561 1001 2627 si
1023 2582 1113 2626 nunc
1136 2560 1248 2626 uxoris
1272 2558 1343 2626 loco
1367 2558 1459 2625 illam

178 2660 223 2725 ali
246 2657 378 2724 disertis
409 2657 520 2725 uerbis
545 2657 675 2741 dicitur,
709 2660 811 2724 antea
844 2680 919 2724 eam
950 2664 989 2724 ut
1019 2679 1087 2724 non
1110 2658 1222 2724 uxoris
1245 2656 1316 2723 loco
1341 2657 1459 2724 alitam

179 2778 262 2841 esse,
287 2757 334 2822 sic
357 2759 445 2822 certe
469 2755 586 2821 alitam
611 2777 686 2821 esse
709 2754 926 2821 manifestum
951 2759 1011 2823 est.
1046 2756 1096 2822 Ae
1118 2755 1224 2822 ueluti
1247 2757 1311 2822 hae
1327 2777 1457 2842 quoque

178 2857 291 2920 aetate
314 2852 482 2920 interdum
504 2852 556 2937 fit,
590 2857 629 2919 ut
652 2873 728 2919 erus
751 2874 854 2919 uxore
879 2851 1040 2919 defuncta
1063 2853 1228 2935 ancillam,
1258 2854 1336 2920 dum
1359 2853 1458 2920 modo

179 2950 342 3038 coquendi
371 2953 478 3017 artem
509 2952 594 3018 bene
627 2950 785 3034 didicerit,
816 2951 851 3016 in
882 2952 1131 3017 matrimonium
1155 2951 1265 3034 ducat,
1296 2953 1346 3018 ita
1369 2945 1459 3036 apud

178 3049 398 3116 Menandrum
427 3047 462 3114 in
493 3047 736 3116 Pseudheracle
771 3049 907 3136 quidam
939 3050 1087 3134 coniugis
1118 3053 1271 3116 mortuae
1302 3050 1459 3115 ancillam

178 3145 282 3213 habet
304 3145 465 3233 paelicem
487 3145 526 3211 fr.
543 3147 608 3212 520
619 3147 659 3214 K.
683 3147 766 3213 GAF
788 3147 832 3213 III
854 3170 884 3235 p.
902 3147 980 3214 149:

427 3265 533 3347 μήτηρ
555 3265 689 3346 τέθνηκε
713 3271 779 3328 ταῖν
803 3266 957 3348 ἀδελφοῖν
979 3271 1046 3328 ταῖν
1070 3265 1160 3329 δυοῖν

427 3363 562 3426 ταύταιν·
585 3364 692 3444 τρέφει
716 3362 751 3426 δὲ
773 3363 919 3446 oollam}
942 3388 986 3434 τις
1008 3370 1065 3427 τοῦ
1087 3361 1208 3446 πατρὸς

429 3461 534 3532 αὐτάς,
558 3460 642 3543 ἅβρα
664 3467 719 3543 τῆς
741 3461 862 3543 μητρὸς
886 3463 992 3525 αὐτῶν
1015 3462 1177 3545 γενομένη.

178 3564 295 3650 Itaque
320 3565 422 3630 etiam
444 3563 536 3630 illam
561 3585 662 3651 quam
686 3563 910 3632 adulescentis
931 3568 1027 3653 pater
1042 3566 1147 3632 habet
1162 3585 1308 3646 uxorem,
1332 3564 1458 3630 scilicet

178 3683 247 3728 non
269 3661 452 3746 legitimam
477 3660 545 3744 sed,
569 3662 604 3728 id
627 3662 716 3748 quod
731 3661 957 3752 Wilamowitz
980 3663 1000 3731 l.
1017 3685 1042 3731 s.
1059 3662 1207 3730 ostendit
1229 3685 1258 3750 p.
1275 3663 1350 3745 520,
1374 3683 1457 3749 pae-

177 3757 284 3843 licem,
309 3759 464 3826 ancillam
486 3757 593 3825 fuisse
617 3761 689 3826 ueri
713 3764 765 3826 est
788 3761 999 3828 simillimum.
1033 3761 1194 3828 Necnon
1217 3761 1325 3846 ipsam
1340 3781 1458 3827 uocem

178 3860 264 3942 ἅβρα
279 3856 324 3922 ad
335 3858 525 3924 sanandum
540 3879 675 3924 uersum
691 3857 728 3923 11
743 3857 975 3925 adhibebimus
990 3858 1082 3925 haud
1095 3858 1239 3925 alienam
1251 3881 1273 3924 a
1283 3857 1458 3924 Menandri

178 3955 323 4022 dictione
347 3954 384 4022 oi.
406 3955 558 4022 116411.
582 3955 664 4021 OAF
688 3955 732 4022 111
754 3976 784 4040 p.
800 3956 857 4022 21:

287 4149 306 4219 1)
323 4145 455 4202 ἐκδιδόναι
478 4149 577 4204 eadem
602 4166 658 4221 qua
681 4148 782 4204 ‘edere’
807 4151 917 4206 ratione
941 4153 1093 4222 usurpatur
1117 4151 1152 4205 de
1170 4151 1296 4222 patribus
1315 4151 1364 4221 qui
1382 4149 1457 4204 filias

177 4228 206 4283 in
226 4228 404 4284 matrimonio
430 4229 572 4284 collocant
601 4229 637 4284 of.
656 4230 756 4285 Pollux
776 4231 857 4285 11135
876 4248 903 4302 p.
918 4231 1002 4296 166,1
1027 4231 1118 4285 Bethe
1136 4231 1152 4282 ὁ
1170 4227 1199 4283 δὲ
1216 4229 1347 4302 πενθερὸς
1371 4227 1457 4300 ἐγγυᾶι

179 4340 213 4348 -
224 4305 342 4362 latitent
360 4309 432 4365 Men.
451 4308 485 4363 fr.
501 4309 552 4364 102
561 4310 596 4365 K.
615 4309 684 4365 GAF*
702 4311 739 4366 III
757 4328 783 4382 p.
796 4310 829 4364 31
850 4309 878 4366 δε
896 4312 942 4363 οὐκ
959 4313 993 4363 δν
1010 4307 1098 4378 ἐνδοίη
1114 4311 1264 4381 θυγατέρας
1281 4310 1399 4378 ἅσμενος.

286 4390 307 4459 ⁸)
326 4388 405 4456 Quod
417 4391 535 4444 uerbum
545 4389 580 4443 de
590 4391 783 4447 meretricibus
792 4391 968 4462 potissimum
977 4396 1129 4462 usurpatur
1138 4391 1227 4446 ueluti
1234 4389 1455 4462 Antiph.fr.2K.

179 4468 249 4524 0Αο
263 4470 288 4523 11
307 4486 333 4540 p.
349 4469 389 4534 13,
408 4469 491 4540 Diph.
504 4468 538 4524 lr.
551 4470 594 4533 87,
606 4469 666 4525 bK.
685 4471 755 4527 CAF
767 4472 792 4525 11
810 4489 836 4543 p.
849 4472 911 4527 570.
939 4471 1102 4543 Ubicunque
1120 4475 1216 4526 autem
1229 4471 1264 4525 de
1282 4471 1414 4525 uxoribus
1428 4473 1458 4524 et

178 4548 316 4603 matronis
335 4549 443 4616 dicitur,
463 4565 574 4620 semper
593 4551 719 4606 taedium
741 4551 849 4606 redolet
867 4552 1027 4623 superbiam
1046 4550 1202 4615 fastidium,
1221 4550 1293 4605 utin
1312 4548 1456 4604 Menandri

179 4644 252 4700 quae
261 4627 391 4683 feruntur
399 4629 584 4684 monostichis
594 4629 648 4684 468
662 4631 731 4687 0011
740 4633 777 4686 1v
787 4649 814 4703 p.
824 4631 877 4686 353
889 4631 971 4689 Mein.
982 4632 1089 4703 Theop.
1100 4631 1135 4688 fr.
1145 4631 1207 4696 552
1215 4630 1248 4686 K.
1258 4628 1346 4684 0qu
1356 4646 1382 4701 p.
1390 4628 1454 4685 748.

231 4723 398 4769 Kretsohmar.
1261 4717 1279 4772 2
