3442 5130
705 340 927 408 „47-

176 523 265 602 ἔσχεν
289 521 433 590 ἐπιεικῶς
455 518 492 582 τὸ
516 524 620 602 σῶμα,
643 520 797 602 λαμβάνει
821 525 963 601 γυναῖκα.
1009 516 1126 602 Neque
1151 520 1203 583 est
1227 537 1284 583 eur
1306 539 1374 583 non
1398 516 1458 582 ad-

51 698 53 702 ,
177 617 363 682 sentiamur
395 615 535 698 Georgio
567 614 687 680 Kaibel
718 615 774 701 qui
796 637 826 701 p.
849 615 915 680 158
942 614 1017 682 adn.
1041 616 1079 681 ll
1106 613 1147 680 de
1178 616 1241 680 hoc
1271 615 1342 681 loco
1374 616 1459 681 haec

178 714 333 780 adnotat:
357 713 406 778 ‘V.
424 713 467 779 62
491 713 577 795 zeigt
601 713 658 779 der
672 713 787 779 Aorist
809 716 959 798 ἀνέστησε
982 714 1070 779 nach
1094 712 1139 778 all
1163 712 1228 778 den
1251 712 1457 799 imperfecta,

176 811 240 877 dab
272 811 341 878 dies
374 810 434 876 das
458 811 615 877 Resultat
646 811 755 877 seiner
782 811 1026 894 Bemiihungen
1057 812 1114 876 ist:
1151 815 1197 876 ‘er
1229 810 1367 878 brachte
1398 811 1457 876 ibn

175 910 300 976 wieder
323 909 383 975 aui
407 908 458 974 die
476 909 617 975 Beine.’'
653 907 722 974 Neo
754 910 864 974 minus
886 908 972 974 bene
996 909 1115 995 pergit:
1139 909 1264 975 ‘Davor
1286 908 1389 992 kann,
1414 909 1459 975 da

177 1008 229 1074 ein
245 1007 388 1093 Partinip
413 1006 483 1072 sich
503 1007 596 1072 nicht
611 1006 727 1072 finden
743 1005 823 1089 latit,
849 1028 912 1072 nur
936 1009 1044 1074 etwas
1062 1008 1125 1073 wie
1141 1009 1255 1091 χθιζόν
1270 1006 1458 1090 gastandan

175 1105 306 1172 haben.³
339 1102 564 1194 <σ>[κά]ζ[ο]ντ’
589 1105 678 1170 enim
692 1106 848 1191 proptera
870 1105 929 1170 uix
952 1106 1072 1191 aptum
1090 1125 1165 1170 esse
1189 1103 1332 1189 uidetur,
1358 1105 1456 1190 quod,

176 1214 204 1277 si
236 1211 435 1278 claudicaret
468 1211 680 1295 OleaenetuS,
720 1209 811 1276 haud
841 1213 891 1277 ita
927 1211 1102 1294 diligenter
1133 1213 1163 1277 ei
1198 1232 1272 1277 esse
1304 1214 1458 1277 curatum

175 1309 397 1376 indicaremus
429 1309 468 1375 of.
494 1330 580 1396 quae
607 1310 670 1375 hac
702 1307 742 1374 de
772 1330 807 1374 re
837 1309 976 1395 exponit
998 1308 1218 1395 Hippocrates
1248 1311 1321 1392 περὶ
1344 1312 1458 1394 ἀγμῶν

175 1408 259 1472 Med.
284 1406 336 1473 Gr.
353 1406 459 1472 XXIII
481 1430 511 1493 p.
533 1407 576 1474 97
585 1428 632 1493 sq.
655 1405 755 1471 Kiihn
785 1409 820 1472 in
842 1407 955 1493 primis
978 1427 1008 1492 p.
1025 1406 1069 1474 98
1099 1410 1181 1473 ὥστε
1212 1409 1374 1472 inerret-der
1403 1409 1459 1472 τὸν

174 1508 326 1589 μέλλοντα
349 1512 460 1577 κακῶς
483 1506 681 1589 ἰητρεύεσθαι
705 1507 871 1590 ἀμφότερα
899 1514 1073 1590 καταγῆναι
1095 1506 1133 1570 τὰ
1157 1506 1268 1570 σκέλεα
1291 1506 1413 1589 μᾶλλον
1436 1510 1457 1590 ἢ

174 1605 211 1668 τὸ
234 1606 347 1687 ἕτερον.
393 1601 521 1668 Deinde
548 1599 658 1691 <>[αὶ]
681 1600 794 1692 ζ[ῶ]ντ’
820 1607 855 1668 et
884 1601 1070 1692 ὂ[ια]ζ[ῶ]ντ’
1095 1623 1182 1689 quae
1205 1623 1275 1668 van
1290 1603 1457 1668 Leeuwen

61 1748 64 1752 <
176 1711 210 1774 et
239 1708 420 1776 Haeberlin
455 1709 696 1795 suppleuerunt
726 1708 911 1795 displicent,
947 1710 1026 1796 quia
1057 1709 1181 1775 desunt
1215 1709 1369 1796 exempla
1403 1709 1459 1776 uel

176 1807 299 1873 similes
322 1807 385 1873 loci
408 1828 560 1873 necnon
584 1828 697 1873 senem
721 1809 836 1873 uiuere
860 1806 990 1873 disertis
1011 1807 1122 1872 uerbis
1146 1807 1317 1872 adfirmari
1340 1829 1457 1894 super-

175 1926 364 1971 uacaneum
380 1907 440 1972 est.
464 1904 535 1970 Hoc
550 1907 666 1972 tamen
682 1904 725 1970 ad
741 1903 988 1971 defendendum
1004 1904 1111 1971 Caroli
1126 1903 1305 1970 Haeberlin
1321 1905 1457 1991 supple-

177 2005 329 2068 mentum
352 2005 464 2089 potest
488 2001 621 2068 autern:
654 2003 781 2069 seruari
803 2003 949 2079 litteram
966 2004 1000 2068 Δ.
1040 2001 1105 2068 Sed
1129 2023 1204 2068 cum
1226 2003 1290 2088 ipsi
1305 2002 1459 2068 Britanni

177 2109 280 2175 etiam
302 2111 333 2174 A
358 2109 412 2175 uel
434 2110 466 2174 Λ
488 2109 554 2192 legi
576 2130 674 2196 posse
704 2109 886 2190 docuerint,
917 2110 952 2174 in
975 2093 1047 2175 loco
1071 2112 1143 2174 tam
1165 2109 1291 2175 incerto
1314 2110 1352 2173 X
1372 2130 1457 2195 quo-

176 2228 240 2292 que
263 2208 366 2274 luisse
389 2229 497 2294 posse,
522 2209 572 2274 ita
594 2209 633 2273 ut
655 2229 738 2273 uera
762 2209 807 2273 sit
822 2205 953 2291 Georgii
973 2206 1093 2274 Kaibel
1118 2208 1310 2273 coniectura
1332 2210 1455 2292 χθιζόν,

176 2326 244 2370 non
267 2306 468 2388 negauerim.
502 2305 551 2370 De
575 2325 688 2370 eorum
712 2326 791 2371 uero
816 2304 1027 2391 opinionibus
1051 2305 1108 2392 qui
1130 2305 1291 2370 traditam
1313 2303 1456 2371 litteram

176 2404 455 2470 [mutauerant
489 2405 599 2468 tacere
635 2401 715 2466 mihi
748 2403 857 2468 liceat.
907 2402 978 2468 lam
1005 2424 1037 2467 u.
1061 2402 1103 2467 63
1133 2402 1333 2489 Myrrhina1)
1357 2405 1457 2468 tanta

174 2498 236 2565 tilii
266 2499 334 2565 fide
364 2501 492 2586 pietate
524 2499 695 2582 diligentia
725 2500 936 2566 humanitate
968 2505 1196 2566 commonetur
1217 2502 1394 2585 tantopere
1417 2504 1457 2566 ut

177 2597 343 2665 exclamet
372 2596 491 2687 [καΙλὸν
518 2595 659 2687 τέκν[ο]ν.
697 2597 804 2677 Quam
828 2598 871 2664 ad
895 2598 1174 2665 exclamationem
1190 2598 1336 2684 quodam
1358 2598 1455 2665 modo

175 2703 351 2771 referenda
374 2708 454 2771 sunt
475 2691 523 2772 'ea
553 2706 657 2770 uerba
680 2705 801 2790 quibus
832 2727 915 2770 usus
939 2709 1058 2772 Dauus
1082 2705 1203 2792 pergit;
1234 2726 1320 2792 quae
1351 2705 1457 2772 uerba

175 2804 211 2868 in
242 2807 335 2868 carta
368 2803 415 2870 sic
448 2807 528 2869 sunt
559 2806 726 2889 corrupta:
758 2803 1455 2888 NHTONAI’EYAHTAF’OYTQZELu

176 2902 288 2986 Atque
311 2900 385 2965 Iulii
407 2899 520 2967 Nicole
544 2903 600 2986 qui
621 2903 711 2967 inter
725 2902 796 2965 EY
813 2903 848 2966 et
864 2902 985 2965 ΔΗΤΑ
1008 2904 1120 2967 totum
1142 2922 1279 2967 uersum
1302 2902 1456 2968 interisse

177 3001 312 3084 putaret
343 2999 546 3064 sententiam
576 3000 852 3084 improbauerunt
882 3019 1005 3064 omnes
1057 2998 1149 3079 Quae
1181 3019 1282 3085 quam
1312 3020 1380 3065 non
1412 3000 1457 3065 sit

176 3096 247 3160 ueri
270 3096 387 3162 similis
409 3095 486 3162 inde
502 3097 641 3182 planum
655 3098 703 3180 fit,
729 3097 817 3183 quod
840 3097 911 3182 ipse
935 3095 1028 3161 illum
1052 3116 1188 3163 uersum
1212 3096 1364 3182 supplere
1387 3118 1456 3162 non

176 3197 281 3258 au'sus
312 3197 372 3260 est.
426 3193 625 3260 Medicinam
655 3198 769 3261 autem
800 3193 954 3260 iecerunt
984 3194 1062 3260 huic
1091 3193 1164 3260 loco
1196 3192 1349 3259 Britanni
1380 3215 1456 3259 cum

176 3293 380 3377 scripserunt
403 3292 438 3357 εὗ
455 3289 566 3381 δῆ<θ>’
591 3290 745 3382 οὑτ<ο>σί;
769 3314 831 3358 nec
854 3313 933 3359 uero
950 3313 1015 3379 quo
1040 3290 1138 3358 modo
1156 3314 1198 3358 ex
1213 3291 1277 3358 hac
1293 3292 1457 3378 scriptura

177 3410 218 3454 ea
249 3410 335 3474 quae
365 3390 492 3456 tradita
522 3392 603 3455 sunt
633 3394 707 3456 orta
738 3394 854 3456 essent
884 3390 1159 3477 explanauerunt.
1206 3389 1333 3455 Tamen
1364 3391 1456 3456 haud

177 3486 226 3551 ita
256 3492 328 3552 erat
351 3485 490 3556 difficile.
537 3487 737 3573 Saepissime
762 3489 849 3554 enim
873 3487 994 3553 librarii
1018 3486 1211 3554 scribebant
1234 3507 1291 3552 eas
1323 3486 1455 3553 litteras

175 3605 263 3670 quae
295 3589 392 3650 erant
418 3584 590 3651 elidendae
614 3585 654 3651 cf.
670 3608 701 3672 p.
717 3585 770 3670 30,
804 3587 939 3671 saepius
971 3585 1212 3673 apostrophum
1238 3605 1325 3671 quae
1353 3606 1451 3651 uoca-

175 3685 232 3747 tur
246 3686 438 3767 posuerunt.
469 3682 620 3750 Necnon
638 3686 791 3770 apertum
808 3688 862 3750 est
876 3684 1020 3768 priorem
1041 3704 1115 3749 esse
1132 3682 1224 3748 illam
1246 3683 1453 3769 scripturam,

174 3777 264 3844 hanc
286 3783 406 3866 postea
434 3781 558 3846 auiris
590 3780 696 3847 doctis
726 3783 909 3848 inuentam.
956 3781 1019 3862 Qui
1049 3781 1150 3865 igitur
1180 3779 1259 3847 huic
1281 3781 1455 3847 Menandri

174 3875 312 3942 fabulae
336 3898 471 3964 operam
486 3877 577 3945 dedit
591 3879 877 3966 interpungendae
894 3881 928 3945 et
944 3877 1200 3962 distinguendae
1216 3879 1455 3961 grammaticus
1534 3956 1537 3962 ¹

176 3996 244 4040 non
267 3975 368 4040 nullis
390 3977 472 4042 locis
496 3977 620 4043 errauit
641 3978 691 4042 ita
721 3979 761 4043 ut
783 3977 1065 4063 praetermitteret
1087 3975 1176 4042 locos
1200 3997 1230 4062 p.
1247 3976 1291 4041 30
1313 3976 1454 4062 scriptos

176 4072 325 4159 aliosque
350 4094 463 4140 eorum
487 4075 610 4141 similes
633 4075 691 4161 qui
714 4077 835 4141 essent.
873 4073 990 4162 Neque
1013 4095 1036 4138 a
1058 4074 1129 4139 ueri
1152 4073 1367 4140 similitudine
1391 4074 1454 4141 ab·

175 4169 288 4236 horret
312 4170 452 4236 eundem
481 4193 557 4238 oum
580 4173 881 4238 dHTAOlTOZI
899 4175 1058 4258 scriptum
1081 4171 1231 4255 uidisset,
1260 4171 1349 4238 falsa
1371 4193 1454 4238 usus

177 4471 183 4484 ι
283 4394 302 4461 ¹)
322 4393 483 4448 Philinnam
518 4394 589 4449 haec
623 4393 716 4450 dicere
747 4410 804 4449 non
832 4394 1002 4460 crediderim,
1034 4393 1101 4465 quia
1130 4393 1214 4448 modo
1246 4409 1272 4450 u.
1296 4393 1332 4448 54
1358 4395 1454 4448 tacere

174 4488 251 4528 mssa
269 4476 470 4626 6ξὶξιοὺτ<α>σ<ι>
491 4554 557 4625 quin
575 4570 674 4608 uerum
693 4554 729 4609 sit
747 4570 830 4610 nemo
843 4554 992 4619 dubitabit,
1012 4569 1064 4608 nec
1084 4553 1118 4608 de
1135 4553 1267 4607 itacismo
1286 4551 1334 4622 qui
1352 4551 1455 4607 dicitur

177 4649 230 4688 nec
249 4633 284 4687 de
302 4653 317 4686 o
336 4638 365 4689 et
383 4654 404 4686 ω
423 4633 548 4689 contusis
566 4635 654 4689 uerba
671 4633 766 4689 iacere
785 4637 906 4706 oportet.
933 4633 969 4690 ci.
988 4652 1014 4705 p.
1027 4634 1062 4688 27
1080 4633 1145 4690 adn.
1157 4633 1182 4689 3.
