3448 5134
778 389 1023 455 -102-

262 570 381 653 ἀρόται
405 570 542 652 γνησίων
558 569 705 652 σανῆηιάν
729 591 778 632 σοι
801 569 919 650 γάμωι.
965 565 1013 631 At
1042 567 1214 652 uituperat
1243 566 1423 633 Britannos
1455 566 1541 634 Setti

261 666 281 732 l.
298 687 323 732 a.
339 687 368 751 p.
386 666 450 732 162
467 687 513 751 sq.
538 665 614 732 adn.
630 664 664 730 4:
689 663 840 730 ‘Curioso
865 665 925 730 che
949 664 994 747 gli
1010 663 1136 730 Flditori
1155 663 1281 748 inglesi,
1307 665 1350 730 ad
1373 664 1541 732 illustrare

263 767 384 850 questa
405 763 547 829 formola
570 761 603 828 di
627 765 795 829 contratto
819 763 961 844 nuniale,
986 763 1086 828 ritino
1106 762 1128 827 il
1146 763 1194 827 Fr.
1212 763 1273 829 ine.
1289 761 1459 828 Menandr.
1480 765 1542 830 185

263 861 424 943 (Meineke
439 891 483 916 =
500 861 566 928 720
585 859 689 944 Kock)
722 881 824 926 senza
854 859 1036 942 aecorgersi
1068 859 1128 924 ohe
1158 859 1190 925 le
1222 859 1334 946 parole
1365 860 1467 926 ditate
1498 860 1544 928 da

262 959 431 1027 Clemente
460 959 697 1025 Alessandrino
722 958 851 1040 (Strom.
868 959 898 1040 2,
916 959 936 1024 3
954 959 1033 1042 (sict)
1051 958 1125 1027 137»
1149 978 1364 1043 provengono
1381 963 1541 1044 appunto,

262 1056 540 1139 evidentemente,
559 1056 738 1142 dequesta
753 1066 870 1122 nostra
885 1057 998 1122 scena!
1033 1055 1187 1122 Soltanto
1204 1055 1382 1138 Clemente,
1408 1057 1542 1123 citando

261 1155 350 1222 forse
375 1177 396 1222 0
418 1154 578 1220 memon'a
610 1154 748 1240 dispone
777 1155 813 1219 in
844 1153 941 1220 modo
973 1155 1134 1240 alquanto
1167 1154 1297 1219 diverso
1325 1153 1355 1219 le
1386 1153 1499 1239 parole
1524 1177 1542 1220 e

263 1253 449 1320 determine
471 1253 571 1335 megli
590 1252 743 1337 1Ιταύτην
758 1291 803 1300 -
817 1291 862 1300 -
878 1272 939 1317 000
959 1251 993 1318 10
1006 1251 1096 1317 irase
1119 1253 1175 1336 τὴν
1199 1254 1337 1335 ἐμαυτοῦ
1361 1253 1543 1337 θυγατέραῖ

261 1352 374 1437 Atque
397 1354 436 1417 ut
459 1349 500 1417 de
524 1352 642 1438 capitis
667 1351 730 1434 (23)
754 1370 891 1416 numero
915 1348 1001 1416 salse
1025 1349 1146 1436 scripto
1170 1351 1312 1433 taceam,
1338 1348 1543 1416 Clementem

263 1449 437 1515 Menandri
458 1449 550 1534 ipsas
573 1447 707 1514 fabulas
730 1450 830 1513 tanta
854 1447 1026 1530 diligentia
1048 1448 1235 1533 perlegisse,
1268 1449 1307 1513 ut
1338 1468 1355 1512 e
1382 1446 1545 1514 memon'a

262 1545 400 1613 laudare
423 1548 546 1632 posset,
572 1567 614 1612 ne
638 1557 743 1610 unum
767 1545 901 1631 quidem
925 1549 1019 1611 extat
1037 1545 1266 1612 testimonium
1281 1566 1391 1631 neque
1408 1546 1544 1611 omnino

264 1643 410 1712 estuari
433 1643 553 1726 simile;
576 1643 676 1709 immo
702 1643 804 1709 etiam
827 1643 921 1708 illum
943 1644 1054 1729 ipsum
1084 1643 1242 1726 florilegio
1274 1643 1420 1730 quodam
1443 1663 1544 1710 usum

264 1763 337 1812 osse
347 1741 517 1827 probabile
527 1745 579 1808 est
591 1741 631 1807 cf.
639 1742 874 1824 Wilamowitz,
888 1742 949 1807 Die
958 1741 1236 1824 Textgesohichte
1249 1741 1306 1808 der
1318 1741 1544 1824 griechischen

262 1839 400 1927 Lyriker
422 1841 489 1926 p.7
514 1840 590 1906 adn.
609 1840 636 1906 1.
674 1839 854 1905 Praeterea
884 1860 960 1904 curn
990 1839 1077 1905 tales
1106 1840 1302 1925 sponsiones
1334 1861 1374 1906 00
1403 1839 1544 1926 nuptiae

263 1938 470 2006 sescentiens
489 1937 579 2004 fiant
594 1937 683 2025 apud
699 1937 929 2020 Menandrum,
955 1938 1035 2022 quin
1057 1937 1095 2002 ir.
1112 1938 1178 2005 720
1202 1959 1244 2003 ex
1268 1938 1374 2004 altera
1396 1937 1544 2022 quadam

264 2035 476 2104 eiustabuia
500 2036 702 2121 exscriptum
726 2037 862 2102 sitnon
886 2035 1101 2101 dubitaueria
1144 2034 1247 2101 Recte
1270 2037 1371 2117 igitur
1392 2035 1545 2100 lecerunt

262 2134 416 2200 Britanni
439 2131 526 2219 quod
550 2133 633 2200 nihil
656 2133 696 2200 de
719 2132 775 2199 illo
799 2134 985 2216 fragmento
1009 2133 1227 2219 protulerunt.
1267 2133 1331 2198 Sed
1347 2131 1437 2218 quod
1452 2154 1483 2198 u.
1500 2133 1544 2198 37

264 2235 284 2298 ἃ
309 2233 342 2298 δ’
367 2231 425 2298 οὖν
448 2233 512 2314 ἐγὼ
536 2232 786 2318 suppleuerunt,
812 2231 999 2314 elegantius
1023 2231 1111 2297 Weil
1135 2231 1267 2317 scripsit

658 2340 770 2422 ὀρθῶς
793 2339 853 2422 γὰρ
876 2341 982 2421 λέγεις,
1008 2337 1130 2424 [ὀρθῶς
1154 2340 1187 2403 d’
1212 2337 1286 2424 ἐγὼ]

575 2435 704 2523 [platta
727 2439 833 2519 λέγειν,
858 2439 956 2501 ἄκουε
981 2457 1007 2502 e.
1024 2457 1052 2522 q.
1069 2457 1094 2502 s.
1115 2439 1155 2501 ut
1173 2456 1256 2501 uoce
1273 2437 1385 2519 ὀρθῶς
1399 2433 1546 2520 repetita

264 2546 412 2610 oreretur
427 2542 600 2628 anaphora
616 2528 716 2628 quam
732 2545 858 2608 uocant
872 2546 974 2629 atque
992 2542 1170 2608 antithesis
1183 2542 1366 2628 aptissima.
1393 2541 1544 2626 Denique

263 2663 295 2708 u.
312 2641 354 2708 39
376 2640 519 2707 editores
536 2642 658 2726 optime
673 2639 853 2728 λ[ομβάνω]
870 2641 1092 2722 coniecerunt,
1118 2638 1211 2706 0111.
1230 2640 1245 2704 1
1260 2639 1299 2704 Κ.
1324 2639 1406 2705 CAF
1420 2639 1465 2704 ΠΙ
1480 2661 1509 2724 p.
1524 2639 1544 2704 3

264 2747 398 2824 γυναῖκα
422 2741 460 2804 οὗ
483 2741 639 2824 λαμβάνω
670 2737 708 2805 fr.
725 2738 790 2805 583
806 2738 845 2804 K.
871 2738 951 2804 CAF
966 2738 1011 2803 llI
1034 2760 1064 2824 p.
1082 2739 1144 2804 177

478 2856 552 2919 ὅταν
575 2858 673 2939 πένης
696 2859 744 2920 ὢν
770 2856 823 2920 καὶ
847 2863 957 2938 γαμεῖν
980 2880 1023 2926 τις
1046 2855 1196 2938 ἑλόμενος

477 2953 514 3016 τὰ
536 2953 615 3036 μετὰ
639 2953 788 3036 γυναικὸς
812 2954 990 3036 ἐπιδέχηται
1013 2955 1169 3036 χρήματα,

478 3052 574 3116 αὑτὸν
598 3053 736 3125 δίδωσιν,
761 3053 821 3115 οὐκ
845 3053 967 3135 ’ἐκείνην
987 3051 1149 3134 λαμβάνει.

308 3147 346 3216 fr.
363 3149 427 3215 585
444 3148 483 3214 K.
508 3147 590 3214 CAF
606 3148 649 3213 111
672 3170 703 3234 p.
720 3149 784 3216 178
809 3150 891 3220 ὅστις
914 3151 1041 3232 γυναῖκ’
1066 3149 1235 3232 ἐπίκληρον
1258 3149 1411 3230 ἐπιθυμεῖ
1429 3146 1542 3229 λαβεῖν.

372 3264 442 3329 Iam
466 3286 496 3329 u.
514 3264 557 3328 40
580 3265 756 3346 PataeouS,
787 3262 820 3329 id
850 3263 937 3349 quod
969 3266 1021 3329 est
1052 3264 1286 3347 grauissimum
1320 3262 1356 3327 in
1388 3261 1544 3348 pactione

264 3361 408 3448 nuptiali
438 3361 601 3446 iacienda,
635 3365 799 3447 quantum
837 3360 924 3427 dotis
956 3362 1001 3428 sit
1031 3362 1171 3428 daturus
1199 3359 1312 3426 adicit:
1343 3361 1397 3425 καὶ
1426 3367 1545 3443 προῖκα

264 3463 333 3544 τρία
355 3461 496 3526 τάλαντα.
536 3458 643 3539 Quam
667 3460 751 3524 satis
775 3469 932 3542 magnam
955 3460 1058 3526 fuisse
1082 3459 1256 3546 pecuniam
1279 3457 1456 3523 concludes
1473 3477 1490 3522 e
1506 3455 1544 3521 fr.

265 3558 376 3644 adesp.
395 3556 458 3622 105
473 3556 512 3622 K.
529 3557 550 3622 8
567 3578 636 3643 sqq.
661 3555 743 3622 CAF
758 3557 802 3622 III
824 3579 854 3643 p.
870 3557 935 3622 421
953 3578 1000 3643 sq.

478 3673 595 3747 προῖκα
620 3665 664 3729 δὲ’
677 3665 787 3748 λαβὼν
810 3667 942 3729 τάλαντα
965 3667 1086 3748 τέτταρ’
1111 3660 1275 3752 ἀργύ[ρου]

479 3765 518 3827 οὐ
540 3771 595 3847 τῆς
618 3763 768 3845 γυναικὸς
791 3765 934 3846 νενόμιχ’
958 3763 1054 3828 αὑτὸν
1077 3760 1223 3849 etudine]

265 3899 291 3946 e.
309 3900 337 3964 q.
351 3899 384 3961 s,
400 3878 456 3942 ubi
472 3877 512 3943 de
530 3880 689 3962 quattuor
703 3877 909 3944 talentorum
925 3876 1003 3944 dote
1020 3879 1118 3964 quasi
1133 3876 1173 3942 de
1191 3862 1400 3962 amplissima
1412 3874 1544 3957 dicitur,

266 3974 306 4042 01.
329 3975 472 4058 Boeokh,
499 3975 560 4041 Die
584 3973 929 4058 Staatshaushaltung
958 3975 1015 4040 der
1037 3974 1187 4041 Athener
1209 3974 1245 4039 1³
1267 3997 1297 4060 p.
1313 3972 1387 4038 598.
1433 3973 1545 4057 Atque

264 4073 329 4138 hac
361 4072 552 4139 condicione
584 4076 763 4139 contentus
795 4076 847 4138 est
876 4072 1012 4138 Polemo
1045 4075 1080 4138 et
1106 4094 1137 4138 u.
1157 4071 1202 4137 40
1232 4074 1285 4137 καὶ
1312 4069 1432 4156 cateth
1455 4069 1544 4154 dicit,

266 4169 354 4256 quod
385 4169 527 4236 editores
558 4169 799 4256 suppleuerunt
829 4172 883 4236 καὶ
913 4169 1032 4257 notak
1060 4173 1092 4253 γ’
1125 4170 1209 4257 tigal,
1233 4167 1321 4235 Weil
1348 4170 1402 4233 καὶ
1425 4166 1546 4254 aalide

264 4267 347 4356 τόδε]
372 4270 407 4333 et
429 4269 638 4353 interpretati
663 4271 744 4334 sunt
767 4268 871 4334 ‘Thai
898 4270 927 4334 is
951 4266 1116 4354 splendid'
1141 4270 1176 4332 et
1199 4266 1304 4332 ‘vcila
1327 4265 1384 4352 qui
1399 4268 1453 4331 est
1469 4266 1546 4330 bien

265 4367 378 4433 aussi?
417 4363 481 4431 Sed
506 4364 604 4431 sicuti
626 4367 662 4431 in
691 4367 738 4431 eis
762 4387 848 4452 quae
872 4365 1039 4432 Pataeous
1067 4364 1146 4430 dicit
1176 4364 1263 4451 prior
1286 4386 1317 4429 u.
1333 4364 1377 4429 40
1393 4385 1469 4450 pars
1493 4365 1547 4428 nal

264 4472 382 4546 προῖκα
404 4466 475 4546 τρία
497 4464 630 4528 τάλαντα
654 4462 697 4528 01
720 4486 751 4529 u.
768 4463 811 4528 39
842 4463 983 4550 priorem
1013 4467 1142 4550 partem
1174 4464 1224 4528 ita
1254 4462 1410 4548 pertinet,
1441 4464 1480 4526 ut
1504 4481 1546 4525 ex

266 4560 382 4627 eodem
398 4561 501 4627 uerbo
519 4563 636 4645 δίδωμι
651 4560 806 4647 pendeat,
831 4581 930 4646 equo
947 4560 1017 4627 illa:
1045 4562 1095 4627 ita
1117 4561 1152 4626 in
1176 4561 1224 4626 eis
1241 4581 1327 4645 quae
1350 4558 1445 4625 miles
1468 4578 1545 4644 pro-

265 4659 411 4742 nuntiat,
444 4679 563 4724 uersus
586 4659 631 4724 40
654 4657 794 4725 alteram
824 4661 954 4744 partem
978 4661 1031 4724 καὶ
1054 4660 1162 4731 καλῶς
1194 4658 1237 4723 01
1266 4657 1414 4723 eiusdem
1445 4679 1476 4720 u.
1502 4656 1546 4721 39
