3448 5134
711 375 934 443 „97-

181 553 324 620 Athenis
341 573 465 619 scaena
481 555 563 635 erat,
587 554 702 619 tamen
718 554 924 639 temporibus
938 553 1012 638 illie,
1037 554 1159 641 quibus
1174 555 1327 622 homines
1345 555 1463 623 Graeci

181 672 282 717 unam
324 672 398 717 sese
437 671 511 716 esse
546 651 718 717 nationem
752 651 944 718 meminisse
980 653 1167 739 coepissent
1201 656 1236 718 et
1269 654 1463 721 uniuersam

182 749 357 816 Graeciam
379 749 513 832 ingenio
532 748 715 835 complecti,
740 749 862 834 quibus
878 749 1070 816 Alexandro
1085 749 1207 834 Magno
1232 751 1314 817 duce
1337 751 1462 818 bellum

181 850 298 914 contra
336 846 457 912 Persas
497 847 770 929 renonauissent‚
809 847 944 913 minime
984 852 1037 914 est
1073 847 1261 914 mirandum
1300 849 1388 936 quod
1427 850 1463 916 in

180 944 323 1012 theatris
346 964 478 1030 quoque
509 965 578 1009 non
610 945 814 1027 singularum
847 944 1024 1012 ciuitatum
1055 946 1203 1033 proprias
1234 947 1377 1014 uirtutes
1401 947 1462 1014 sed

181 1042 308 1110 cultum
338 1043 586 1108 humanitatem
618 1043 820 1127 elegantiam
851 1064 919 1128 qua
950 1064 1064 1109 omnes
1088 1045 1286 1110 fruebantur
1308 1044 1460 1112 hominos

181 1139 299 1207 Graeci
324 1139 493 1206 canebant
514 1143 635 1227 poetae
660 1143 694 1206 et
716 1139 956 1226 praedicabant
983 1140 1023 1207 cf.
1039 1142 1124 1236 Men.
1139 1143 1176 1208 fr.
1193 1142 1256 1208 617
1275 1144 1313 1210 K.
1327 1142 1461 1209 OAFIII

389 1337 538 1420 Ἕλληνές
560 1339 635 1401 εἰσιν
658 1338 782 1421 ἄνδρες,
807 1340 867 1402 οὐκ
891 1339 1086 1422 ἀγνώμονες,

395 1436 450 1498 καὶ
471 1435 549 1517 μετὰ
572 1437 726 1518 λογισμοῦ
749 1438 851 1500 πάντα
873 1437 1062 1519 πράττουσίν
1083 1461 1175 1508 τινος.

179 1530 343 1618 Posidipp.
367 1531 405 1597 fr.
422 1531 467 1596 28
489 1532 528 1597 K.
545 1530 626 1597 (ΒΑΕ
650 1531 693 1597 ΠΙ
716 1555 746 1619 p.
763 1533 828 1598 345

275 1677 279 1690 .
391 1630 500 1702 Ἑλλὰς
522 1633 582 1714 μέν
605 1633 667 1696 ἔστι
689 1633 756 1715 μία,
779 1632 885 1703 πόλεις
908 1633 943 1696 δὲ
965 1633 1112 1704 πλείονες.

270 1728 341 1793 lam
370 1749 400 1793 u.
429 1729 471 1794 25
484 1749 531 1814 sq.
563 1727 684 1794 ancilla
719 1750 774 1794 ero
810 1730 992 1815 respondet
1020 1729 1267 1818 ardapotrepoc]
1303 1729 1460 1820 πολλῶ<ι>

179 1834 277 1911 φανεῖ
296 1833 383 1908 γοῦν,
415 1847 480 1911 quo
503 1825 575 1892 loco
600 1825 640 1892 de
663 1848 746 1892 uoce
769 1829 989 1911 caturciacum
1012 1827 1221 1893 restituenda
1244 1831 1460 1895 consentiunt

180 1944 298 1990 omnes
328 1922 392 1988 uiri
424 1923 522 2007 docti,
554 1927 671 1990 tacent
693 1923 734 1990 de
757 1923 1017 2012 interpretanda.
1064 1923 1163 1991 Solus
1185 1926 1348 1992 Henricus
1372 1925 1460 1992 Weil

180 2021 323 2088 adnotat
345 2021 445 2088 haec:
481 2021 645 2088 ‘Allusion
668 2043 850 2108 moqueuse
883 2044 951 2088 aux
975 2024 1125 2088 orateurs
1150 2022 1190 2089 de
1214 2024 1248 2090 la
1270 2024 1377 2111 Pnyx,
1402 2027 1459 2112 qui
1523 2023 1525 2026 ’

62 2135 65 2142 ’
179 2120 359 2185 mettaient
390 2139 456 2184 une
485 2141 651 2186 couronne
675 2142 717 2186 en
741 2121 876 2207 parlant
898 2142 943 2186 au
966 2119 1093 2206 peuple.
1139 2121 1188 2186 La
1219 2142 1385 2189 couronne
1416 2144 1459 2189 ne

178 2215 242 2282 fait
273 2237 334 2302 pas
364 2217 520 2283 l'orateur
541 2219 585 2282 'ni
607 2216 725 2284 l'habit
746 2219 778 2284 le
801 2221 922 2284 moine'
955 2222 990 2284 et
1009 2221 1098 2284 recte
1122 2217 1264 2305 quidem,
1301 2219 1359 2286 sed
1384 2242 1460 2287 cum

179 2334 289 2380 nouae
321 2335 422 2400 quam
454 2315 593 2381 dicimus
625 2317 814 2382 comoediae
846 2319 967 2402 poetae
991 2337 1048 2382 eos
1072 2317 1129 2402 qui
1151 2317 1198 2382 rei
1221 2317 1374 2402 publicae
1398 2318 1458 2385 ad-

178 2411 420 2478 ministrandae
452 2433 585 2498 operam
621 2414 798 2481 nauabant
832 2435 964 2500 perraro
996 2419 1273 2501 persequerentur
1307 2416 1458 2482 ludibriis

178 2509 342 2595 iocisque,
375 2509 478 2575 etiam
509 2509 650 2576 altemm
683 2532 818 2578 sensum
851 2513 907 2598 qui
938 2511 981 2578 ad
1011 2513 1121 2598 ipsam
1151 2513 1251 2578 huius
1281 2513 1345 2580 loci
1375 2535 1458 2581 con-

179 2606 342 2673 dicionem
357 2607 521 2674 referatur
543 2608 578 2672 in
601 2608 666 2673 hac
688 2630 770 2675 uoce
785 2609 896 2675 inesse
912 2609 1083 2696 probabile
1100 2613 1160 2676 est.
1199 2610 1304 2691 Quem
1321 2633 1459 2678 sensum

179 2725 242 2771 neo
264 2704 353 2770 Weil
375 2726 450 2772 cum
473 2706 712 2792 interpretatur
734 2709 852 2773 ‘certes
875 2711 915 2774 tu
931 2730 973 2773 en
997 2729 1073 2774 sera
1095 2707 1171 2795 plus
1194 2711 1372 2795 persuasif’
1396 2730 1459 2776 nec

178 2802 330 2868 Britanni
365 2822 439 2868 cum
470 2807 610 2870 uertunt
640 2803 730 2871 ‘You
761 2804 831 2872 will
861 2826 985 2891 appear
1016 2805 1115 2871 much
1146 2828 1236 2873 more
1263 2809 1458 2894 persuasive

179 2905 226 2965 so'
251 2903 333 2966 satis
352 2898 507 2966 uidentur
528 2903 746 2988 perspexisse.
784 2901 872 2968 Nam
895 2903 947 2969 cui
962 2902 1098 2970 Polemo
1120 2905 1223 2971 etiam
1246 2926 1344 2988 nunc,
1362 2910 1457 2992 post-

179 3018 280 3084 quam
295 2997 435 3064 feliciter
450 3019 503 3064 res
519 3001 641 3085 euenit,
666 2999 877 3086 persuadeat,
894 3021 1029 3086 prorsus
1046 3001 1224 3068 obscurum
1239 3008 1299 3071 est.
1339 3005 1457 3090 Itaque

178 3117 253 3161 cum
275 3095 360 3162 haec
382 3095 605 3182 persuadendi
626 3099 719 3164 notio
737 3120 839 3185 quam
861 3099 1055 3185 plerumque
1078 3100 1205 3166 habeat
1227 3122 1296 3167 uox
1310 3105 1456 3167 arderet-

176 3219 267 3277 τερος
289 3214 357 3259 non
385 3192 534 3280 quadret,
559 3194 622 3260 hoc
644 3196 716 3261 loco
736 3199 956 3281 πιθανώτερος
971 3196 1059 3263 idem
1076 3218 1149 3264 esse
1166 3221 1206 3265 ac
1221 3198 1302 3265 ‘fide
1319 3200 1456 3282 dignior’

178 3312 315 3357 necesse
348 3294 408 3374 est,
442 3290 481 3356 of.
501 3291 586 3358 Plat.
607 3292 683 3358 Min
707 3316 737 3380 p.
754 3294 862 3360 318E
892 3298 992 3360 καίτοι
1023 3321 1057 3379 γε
1086 3299 1302 3382 πιθανώτεροί
1329 3301 1404 3363 εἰσιν
1436 3302 1456 3382 ἢ

177 3392 356 3473 σύμπαντες
386 3393 417 3454 οἱ
445 3392 699 3474 τραγωιόοποιοί.
753 3392 850 3458 Nunc
886 3394 973 3459 enim
1012 3394 1107 3460 miles
1146 3416 1221 3461 eum
1260 3394 1383 3481 aliquid
1420 3418 1455 3461 se

177 3487 341 3553 facturum
367 3507 441 3552 esse
466 3488 656 3574 dicitquod
680 3489 724 3554 sit
746 3489 972 3556 festinationis
996 3493 1227 3575 neglegentiae
1243 3494 1454 3574 temeritatis,

177 3582 282 3650 multo
314 3582 442 3667 dignior
470 3585 539 3650 fide
571 3590 624 3652 est
651 3607 752 3672 quam
776 3592 879 3653 antea
902 3609 977 3653 cum
1000 3593 1142 3655 mortem
1165 3590 1228 3656 sibi
1253 3594 1455 3658 consciscere

176 3683 212 3746 in
236 3683 347 3747 animo
372 3703 408 3748 se
432 3682 555 3749 habere
579 3683 781 3751 adfirmauit.

264 3778 392 3846 Deinde
417 3803 448 3845 u.
472 3780 515 3846 26
539 3782 619 3867 quin
642 3781 798 3873 πολλῶ<ι>
821 3792 918 3867 φανεῖ
937 3792 1015 3867 γοῦν
1029 3784 1183 3851 librarius
1206 3787 1329 3852 rectius
1353 3808 1454 3873 quam

177 3880 339 3943 corrector
360 3880 480 3944 πολλῶι
503 3883 542 3944 ἂν
566 3883 630 3964 εἴης
653 3881 828 3966 scripserit,
853 3903 952 3949 nemo
976 3884 1108 3969 estqui
1132 3882 1270 3950 dubitet.
1317 3883 1382 3950 Sed
1399 3883 1454 3950 ille

177 3978 339 4041 corrector
370 3976 458 4041 unde
488 3975 552 4042 hoo
582 3976 715 4064 petierit
746 3981 925 4064 quaeritur.
978 3984 1027 4046 Ac
1065 3981 1207 4068 primum
1242 3981 1384 4048 eundem
1419 3987 1454 4049 et

177 4076 380 4138 correcturas
405 4078 439 4139 ot
462 4073 698 4142 adnotationes
722 4097 807 4162 quas
832 4075 970 4143 dicimus
995 4079 1166 4145 scaenicas
1190 4081 1360 4166 scripsisse
1377 4083 1454 4146 inde

177 4170 321 4236 estuari
345 4171 451 4236 simile
475 4172 563 4256 quod
587 4177 748 4259 utraeque
770 4174 891 4240 litteris
915 4197 1001 4261 quae
1025 4175 1235 4264 adpellantur
1259 4179 1453 4244 minusculis

176 4263 385 4335 exhibentur.
430 4271 533 4355 Atqui
562 4270 639 4336 illae
670 4270 906 4339 adnotationes
937 4295 968 4338 u.
994 4274 1037 4340 14
1068 4280 1102 4340 et
1133 4275 1176 4340 28
1206 4295 1379 4362 perperam
1410 4275 1454 4341 ad

176 4359 310 4430 uersum
341 4367 397 4450 qui
432 4371 485 4433 est
515 4367 685 4452 proximus
719 4369 814 4436 eiad
843 4391 942 4455 quem
964 4373 1132 4457 pertinent
1166 4373 1340 4455 adpositae
1363 4376 1452 4438 sunt.

175 4461 266 4543 Quas
290 4461 527 4530 adnotationes
552 4469 715 4533 corrector
730 4467 758 4532 si
777 4466 817 4533 de
834 4489 894 4533 suo
919 4467 1103 4536 addidisset
1116 4491 1151 4535 re
1167 4470 1252 4536 bene
1269 4469 1453 4536 deliberata

176 4581 237 4626 suo
261 4560 331 4627 loco
354 4563 531 4645 posuisset.
576 4564 695 4649 ltaque
719 4586 795 4631 eum
826 4565 977 4633 eoodioe
1000 4569 1146 4654 quodam
1177 4589 1234 4633 eas
1259 4568 1393 4634 duxisse
1418 4571 1453 4634 et

174 4657 252 4724 huic
275 4659 454 4745 exemplari
477 4662 587 4727 minus
605 4661 779 4744 diligenter
793 4664 975 4730 inseruisse
999 4665 1169 4751 probabile
1194 4670 1253 4731 est.
1300 4666 1451 4732 Necnon

227 4771 394 4817 Kretsohmar.
1257 4772 1274 4825 'l
