3442 5130
703 351 1013 417 -55-.

89 571 92 576 .
172 531 260 596 Nam
284 531 355 597 siue
380 530 633 617 comprobamus
656 528 869 596 Dziatzkonis
894 529 1165 616 supplementum

867 630 982 693 τούτων
1004 631 1132 694 κοῦδενὶ

386 729 484 793 ellat
506 729 661 811 προσήκει
683 727 739 810 τὴν
761 726 863 810 κόρην
886 729 930 797 εἰς
951 728 1005 792 τὸν
1029 730 1132 811 γάμον

387 827 536 890 ἐκδοῦναι
665 824 737 889 siue
760 823 996 908 improbamus,
1020 826 1083 890 hoc
1106 826 1233 890 certum
1261 827 1313 890 est
1336 845 1453 890 uerum

173 944 310 990 sensum
334 922 448 988 abillo
465 943 538 988 esse
554 923 756 988 restitutum.
790 920 859 986 Nee
876 943 944 987 uox
959 924 1072 987 τούτων
1094 924 1207 1008 potest
1223 925 1371 1008 spectare
1388 922 1453 988 nisi

173 1021 216 1088 ad
247 1021 479 1104 Gleaenetum,
512 1021 568 1107 qui
600 1021 691 1086 solus
722 1024 825 1085 antea
856 1019 901 1084 sit
928 1023 1215 1086 commemoratus.
1267 1021 1346 1100 Qua
1374 1041 1452 1084 sen-

172 1120 280 1187 tentia
296 1118 439 1205 probata
459 1119 575 1184 statim
591 1117 728 1204 planum
743 1117 786 1182 lit
801 1139 858 1182 cur
873 1117 1052 1204 Myrrhina,
1078 1116 1157 1204 quid
1173 1116 1350 1183 Gleaeneto
1366 1120 1452 1184 acci-

173 1217 267 1300 derit,
292 1219 410 1283 certior
431 1217 522 1282 lacta
545 1218 642 1282 tanto
666 1215 784 1281 timore
811 1217 1044 1300 perterreatur,
1069 1219 1108 1281 nt
1130 1237 1161 1281 u.
1176 1215 1220 1280 49
1243 1218 1363 1280 τάλαιν’
1388 1218 1452 1299 ἐγώ

174 1314 347 1397 exclamet,
372 1313 411 1381 cf.
440 1335 527 1400 quae
551 1313 615 1378 hac
639 1313 679 1379 de
702 1334 736 1377 re
760 1311 862 1378 Kdrte
886 1312 905 1378 l.
923 1335 947 1378 e.
970 1335 1001 1399 p.
1017 1314 1081 1380 392
1106 1313 1270 1399 exposuit.

270 1413 362 1493 Quae
398 1433 473 1478 cum
507 1414 557 1477 ita
593 1411 661 1476 sint
693 1411 728 1475 in
760 1414 834 1477 tota
864 1410 982 1477 fabula
1017 1411 1119 1476 hasce
1154 1410 1260 1476 luisse
1291 1431 1452 1496 personas

173 1531 365 1593 cognosces:

272 1628 298 1692 1.
322 1629 508 1698 Κλεαίνετος
532 1623 677 1706 agricola
700 1623 739 1689 de
764 1645 829 1711 quo
854 1645 977 1690 nomen
1000 1624 1128 1712 aceepit
1151 1623 1322 1690 comoedia

270 1725 299 1790 2.
322 1726 474 1808 Μορῥίνη
500 1727 655 1788 matrona
678 1720 782 1787 uidua

271 1823 299 1887 3.
323 1823 462 1905 Γοργίας
485 1821 674 1908 Myrrhinae
698 1820 788 1885 filius
812 1820 990 1904 legitimus
1016 1819 1243 1886 adulescensl

269 1919 300 1985 4.
322 1909 714 2006 puella,Myrrhinaefilia
723 1922 819 1983 extra
827 1918 1075 1984 matrimonium
1084 1918 1348 1985 nataGleaeneto
1357 1921 1452 2004 patre

270 2019 299 2083 5.
324 2017 522 2084 adulescens
542 2017 570 2082 ll
602 2017 659 2104 qui
682 2038 736 2081 uu.
762 2018 776 2082 1
797 2038 865 2102 sqq.
889 2017 1036 2102 loquitur
1066 2019 1100 2082 et
1130 2016 1319 2103 Myrrhinae
1349 2016 1452 2081 filiam

493 2116 687 2200 compressit

270 2213 300 2278 6.
324 2212 549 2278 adulescentis
564 2213 593 2277 ΙΙ
616 2216 712 2298 pater
735 2216 776 2294 (u.
793 2212 813 2278 9
831 2218 909 2298 sqq.)

270 2313 299 2378 7.
324 2310 549 2376 adulescentis
566 2310 593 2375 ll
617 2331 762 2376 nouerca
786 2314 826 2390 (u.
844 2312 896 2394 11)

233 2450 235 2453 -
270 2409 298 2474 8.
327 2411 453 2473 Φίλιννα
478 2407 666 2494 Myrrhinae
689 2409 805 2474 nutrix

271 2507 300 2573 9.
323 2508 409 2578 Δᾶος

253 2605 302 2670 10·
325 2606 435 2690 Σύρος
477 2560 581 2646 patris
606 2557 830 2625 adulescentis
846 2560 876 2625 Π
899 2561 995 2625 serui.

172 2722 221 2785 Ac
252 2722 340 2785 recte
372 2719 505 2806 quidem
537 2717 696 2785 Dniatzko
726 2718 942 2785 Oleaenetum
970 2719 1007 2784 fr.
1029 2719 1071 2784 93
1095 2720 1191 2785 fuel
1218 2720 1256 2785 fr.
1278 2720 1320 2784 95
1348 2718 1386 2784 fr.
1408 2720 1450 2785 97

171 2818 387 2904 pronuntiare
403 2822 582 2904 postquam
599 2838 673 2882 curn
687 2815 817 2900 Gorgia,
834 2816 1023 2904 Myrrhinae
1038 2816 1117 2899 filio,
1138 2818 1173 2882 in
1188 2818 1305 2883 urbem
1320 2819 1452 2883 uenerit

173 2916 310 3002 exponit
324 2937 354 3001 p.
371 2915 557 2997 ele-521,
583 2914 641 2980 sed
665 2913 753 3002 quod
768 2915 856 2980 idem
872 2937 901 3000 p.
919 2915 984 2979 522
1000 2914 1037 2980 fr.
1057 2915 1120 2980 100
1134 2914 1173 2980 K.
1198 2914 1279 2981 OAF
1295 2914 1340 2980 III
1362 2938 1391 3002 p.
1408 2915 1451 2980 30

385 3016 648 3097 ἒμβεβρόντησαι;
672 3015 802 3097 γελοῖον,
811 3015 831 3096 ¹)
856 3015 892 3084 ὃς
914 3015 1015 3096 κόρης
1038 3014 1208 3096 ἐλευθέρας

386 3115 429 3182 εἰς
452 3113 558 3191 ἔροινθ’
582 3115 673 3195 ἥκων
698 3119 830 3183 σιωπᾶις
853 3112 906 3175 καὶ
928 3113 1031 3195 μάτην
1053 3114 1267 3194 ποιουμένους

384 3215 546 3292 περιορᾶις
562 3273 564 3278 ,
580 3212 705 3292 γάμους
739 3216 872 3274 σεαυτῶι
1029 3207 1253 3274 adulescentis
1287 3230 1451 3274 nouercae

172 3327 259 3394 quae
294 3307 429 3372 comiter
451 3306 641 3392 priuignum
665 3306 808 3388 castiget
831 3306 960 3372 tribuit:
984 3306 1126 3372 eandem
1150 3305 1191 3372 de
1214 3329 1282 3394 qua
1297 3328 1328 3371 u.
1348 3307 1388 3371 10
1404 3329 1451 3392 sq.

173 3425 248 3469 cum
264 3404 420 3490 superbia
444 3425 483 3469 ac
505 3403 641 3469 fastidio
667 3404 769 3469 uerba
800 3403 998 3469 adulescens
1028 3405 1152 3487 fecerit,
1184 3407 1283 3471 tanta
1313 3424 1389 3470 cum
1413 3426 1451 3470 eo

171 3501 400 3567 familiaritate
425 3502 637 3567 coniunctam
661 3523 735 3566 esse
759 3523 827 3567 non
852 3501 1051 3568 crediderim.
1087 3502 1154 3567 Sed
1168 3501 1312 3568 fortasse
1328 3504 1451 3568 rectius

171 3599 234 3664 hoc
264 3597 489 3682 fragmentum
512 3600 607 3665 Dauo
643 3620 739 3664 seruo
773 3599 988 3665 tribuendum
1024 3602 1089 3683 est3
1114 3620 1212 3686 quem
1236 3621 1370 3666 seruum
1393 3600 1452 3665 uix

171 3699 270 3762 tanta
286 3696 467 3762 caHiditate
491 3700 592 3783 poeta
615 3697 758 3780 ornauit,
782 3702 821 3763 ut
840 3718 984 3785 persona
1008 3701 1096 3763 esset
1121 3718 1221 3784 quam
1241 3701 1366 3764 uocant
1389 3695 1451 3762 ad-

171 3795 328 3876 uenticia,
345 3794 404 3861 sed
420 3797 459 3860 ut
474 3798 589 3877 ageret
604 3794 728 3880 aliquid
745 3795 831 3880 quod
849 3796 982 3861 maioris
996 3798 1086 3861 esset
1101 3795 1271 3879 momenti,
1296 3795 1401 3861 ueluti
1416 3795 1452 3860 in

172 3890 326 3957 omnibus
350 3893 527 3958 comoediis
551 3893 721 3979 inprimis
745 3914 824 3960 uero
852 3894 886 3958 in
909 3892 1083 3959 Menandri
1106 3893 1229 3959 fabulis
1262 3892 1349 3958 serui
1377 3915 1450 3959 eros

171 3988 404 4055 adulescentes
436 4010 537 4076 opera
568 4011 607 4056 ac
638 3991 773 4056 consilio
802 3992 912 4057 solent
935 3991 1104 4057 adiuuare.
1150 3990 1266 4077 Neque
1290 3991 1450 4058 Dniatzko

170 4087 243 4173 ipse
267 4108 342 4152 cum
366 4088 444 4153 dicit
468 4087 652 4154 ‘vielleicht
675 4089 736 4154 hat
759 4089 816 4154 der
840 4088 962 4155 Sklave
985 4090 1056 4154 ihm
1080 4089 1178 4155 einen
1201 4091 1269 4155 Rat
1292 4091 1449 4173 gegeben,

170 4206 227 4250 um
251 4185 417 4268 vorlaufig
440 4185 498 4251 der
520 4184 681 4252 Hochzeit
705 4209 745 4252 zu
770 4186 947 4269 entgehen'
982 4187 1116 4252 Dauum
1135 4188 1197 4253 has
1218 4191 1331 4274 partes
1352 4207 1450 4268 agere

170 4303 269 4368 posse
293 4285 403 4366 negat.
449 4285 498 4348 Ac
521 4283 665 4349 fortasse
689 4283 896 4368 adulescens,
922 4285 1035 4371 quiin
1056 4285 1173 4350 urbem
1188 4289 1228 4351 ut
1244 4307 1319 4350 cum
1335 4285 1449 4349 amicis

171 4379 345 4445 consilium
368 4379 509 4446 haberet
532 4402 568 4445 se
593 4381 789 4466 contulerat,
824 4381 952 4448 infecta
982 4403 1016 4448 re
1040 4383 1138 4448 rediit
1162 4385 1197 4448 et
1217 4405 1238 4448 a
1254 4403 1350 4448 seruo
1367 4402 1448 4446 con-

171 4476 280 4541 silium
296 4479 400 4564 petut.
437 4477 499 4558 Qui
514 4479 685 4563 respondit
708 4500 782 4545 cum
807 4479 873 4545 alia
896 4483 968 4544 tum
990 4501 1132 4567 eaquae
1148 4479 1185 4548 fr.
1204 4480 1269 4544 100
1284 4480 1449 4563 leguntur.

278 4665 297 4733 ¹)
316 4664 352 4719 cf.
365 4664 427 4719 Ter.
440 4664 510 4720 Eun.
523 4665 577 4718 452
594 4663 781 4720 ‘Ridiculum
801 4682 858 4719 non
877 4665 952 4720 eninr
971 4664 1129 4736 cogitaras?
