3448 5134
11 3471 25 3582 ι’

715 363 939 430 „99-

186 537 252 607 Mil.
277 540 364 608 Glor.
391 541 455 607 154
499 540 591 608 ‘ioris
615 541 806 627 concrepuit
827 542 905 608 hinc
927 562 949 608 a
970 539 1081 608 uicino
1105 545 1204 608 sene?

391 640 458 706 270
503 637 582 704 ‘Sed
603 638 692 705 fores
716 641 915 726 crepuerunt
937 643 1083 706 nostrae'

392 737 458 802 410
503 736 615 803 ‘Fores
638 737 741 803 uicini
763 738 918 824 proxumi
941 741 1150 824 crepuerunt,
1175 737 1407 805 conticiscam?

395 835 481 901 1377
503 833 592 900 ‘hinc
615 835 763 901 sonitum
787 833 938 902 iecerunt
959 834 1059 902 iores’

187 934 258 999 Ter.
282 933 383 999 Andr.
407 932 472 999 682
500 933 597 998 ‘Hem
620 931 679 999 sed
701 953 801 999 mane
826 933 952 1020 crepuit
975 955 996 1000 a
1019 932 1170 1020 Glycerio
1195 933 1337 1000 ostium?

187 1031 288 1099 Haut.
313 1030 377 1097 173
961 1030 1033 1097 ‘sed
1056 1031 1136 1118 quid
1159 1034 1358 1117 crepuerrmt
1379 1030 1468 1098 iores

498 1128 585 1194 Hinc
608 1149 630 1194 a
651 1129 728 1195 me?
764 1129 919 1215 quisnam
944 1129 1132 1213 egreditur?
1163 1128 1230 1195 buc
1253 1133 1467 1196 concessero?

315 1227 380 1293 613
501 1225 620 1310 blane,
645 1247 757 1292 mane:
782 1225 929 1313 quidest
952 1226 1135 1313 quodiam
1159 1248 1181 1293 a
1202 1227 1299 1293 nobis
1322 1229 1469 1311 grauiter
1494 1257 1497 1262 ·

1034 1328 1234 1412 crepuerunt
1255 1325 1378 1391 foresi'

187 1421 248 1488 Ad.
272 1423 338 1490 788
498 1421 672 1502 ‘Quisnam
695 1443 717 1487 a
740 1443 793 1488 me
816 1422 944 1509 pepulit
966 1427 1038 1490 tam
1061 1423 1208 1506 grauiter
1229 1421 1351 1489 iores‘l’

189 1520 327 1586 Accedit
356 1521 461 1607 ipsius
492 1519 666 1586 Menandri
695 1519 933 1604 fragmentum:
966 1519 1073 1587 Schol
1097 1519 1263 1606 Aristoph.
1293 1519 1380 1586 Nub.
1406 1521 1468 1587 132

187 1640 217 1706 p.
234 1618 317 1701 87b‚
331 1618 351 1684 6
367 1618 504 1684 Diibner
525 1621 764 1703 παρατηρητέον
788 1620 823 1683 δὲ
847 1621 893 1684 ὅτι
916 1620 966 1684 ἐπὶ
988 1621 1048 1702 μὲν
1061 1626 1127 1684 τῶν
1143 1622 1267 1694 ἔξωθεν
1283 1621 1468 1704 κρουόντων

187 1718 340 1782 ’κόπτειν’
363 1719 490 1800 λέγεται,
511 1719 573 1781 ’ἐπὶ
604 1718 639 1781 δὲ
673 1723 738 1782 τῶν
768 1719 893 1782 ἔσωθεν
925 1721 1080 1801 “ψοφεῖν’.
1126 1720 1246 1790 ἱκανῶς
1269 1718 1304 1782 δὲ
1327 1718 1469 1782 διέστειλε

186 1816 381 1899 Μένανδρος
404 1816 455 1878 ἐπὶ
476 1816 536 1897 μὲν
559 1821 624 1879 τῶν
647 1818 712 1889 ἔξω
735 1816 844 1898 “κόψω
859 1816 917 1899 τὴν
932 1816 1053 1899 θύραν’
1077 1818 1184 1890 εἰπών,
1208 1816 1258 1880 ἐπὶ
1274 1816 1309 1880 δὲ
1323 1822 1388 1880 τῶν
1404 1818 1468 1880 ἔσω

187 1914 348 1997 ’ἕψόφηκε
370 1914 427 1996 τὴν
449 1915 555 1996 θύραν
578 1915 686 1988 ἐξιών’
719 1915 754 1978 et
777 1911 897 1978 Suidas
921 1912 984 1978 sub
1008 1933 1090 1978 uoce
1114 1914 1267 1978 “κόπτω’·
1292 1916 1411 1986 ἱκανῶς
1435 1913 1470 1978 δὲ

190 2012 332 2076 διέστειλε
353 2011 547 2094 Μένανδρος
578 2012 628 2076 ἐπὶ
654 2012 714 2094 μὲν
743 2017 808 2076 τῶν
839 2013 963 2086 ἔξωθεν
994 2012 1096 2093 λέγων
1127 2012 1236 2094 ’κόψω
1259 2011 1315 2094 τὴν
1337 2011 1468 2095 θύραν’,

189 2110 239 2173 ἐπὶ
256 2110 290 2173 δὲ
304 2115 368 2174 τῶν
386 2111 510 2174 ἔσωθεν
533 2111 610 2174 ‘dil’
628 2110 744 2193 ἐψόφει
758 2112 815 2173 καί
826 2134 872 2180 τις
886 2110 943 2193 τὴν
958 2111 1064 2192 θύραν
1080 2111 1198 2183 ἔξιών’.
1233 2109 1283 2173 Ac
1307 2106 1347 2174 de
1363 2108 1469 2194 priore

190 2205 324 2292 quidem
347 2205 535 2290 fragmento
559 2209 658 2290 κόψω
681 2208 737 2291 τὴν
759 2209 866 2291 θύραν
890 2205 937 2288 (fr.
953 2206 1020 2272 860
1031 2205 1071 2272 Κ.
1087 2205 1169 2272 OAF
1184 2205 1230 2272 III
1244 2227 1274 2292 p.
1290 2206 1365 2289 229)
1391 2227 1469 2272 oon-

191 2307 270 2386 stat‚
303 2303 344 2370 de
376 2303 481 2370 altero
513 2306 566 2370 est
596 2303 768 2370 dissensio.
814 2304 852 2370 In
883 2325 949 2391 quo
979 2303 1167 2386 fragmento
1199 2325 1273 2370 curn
1298 2305 1356 2370 rdx
1379 2307 1470 2370 stare

189 2403 296 2488 possit
317 2405 451 2485 tempus
474 2402 714 2488 imperfectum,
739 2401 827 2488 quod
850 2401 941 2488 apud
963 2400 1100 2468 Suidam
1124 2401 1283 2488 scriptum
1307 2400 1469 2484 uidemua

188 2503 291 2586 atque
323 2502 402 2586 apto
431 2520 533 2565 sensu
556 2498 655 2585 plane
679 2503 793 2566 eareat
815 2501 1004 2566 coniunctio
1027 2502 1081 2565 καὶ
1104 2521 1191 2587 quae
1215 2498 1304 2586 apud
1327 2498 1484 2566 eundem

188 2597 318 2681 legitur,
342 2600 459 2683 ἐψόφει
472 2601 529 2663 καί
543 2600 733 2684 corruptum
750 2618 823 2664 esse
840 2619 883 2663 ex
898 2601 1047 2683 ἐψόφηκε
1063 2601 1216 2684 apertum
1231 2601 1294 2675 est,
1311 2598 1471 2684 quoniam

187 2696 308 2781 ‘epsoii
323 2695 380 2761 ke’
405 2695 548 2762 alterum
565 2695 708 2761 altormn
730 2694 906 2782 ‘epsoiikd’
930 2696 1220 2782 pronuntiabatur.
1258 2694 1354 2762 Unde
1369 2695 1470 2763 buius

187 2793 368 2877 fragmenti
391 2816 426 2859 re
449 2816 531 2860 uera
553 2794 616 2860 has
641 2796 755 2860 extare
778 2793 938 2860 lectiones
962 2814 1140 2876 cognosces

404 2891 524 2958 Schol.:
547 2894 697 2977 ἐψόφηκε
718 2893 776 2977 τὴν
798 2895 904 2976 θύραν
928 2894 1021 2968 ἐξιών

403 2988 505 3055 Suid:
545 2991 614 3055 ἀλλ’
641 2993 790 3075 ἐψόφηκέ
811 3015 856 3062 τις
877 2991 933 3074 τὴν
956 2991 1062 3075 θύραν
1085 2992 1189 3075 ἐξιών,

187 3107 332 3174 quarum
362 3086 398 3151 in
428 3088 571 3172 utraque
603 3109 741 3154 numero
765 3109 834 3154 non
858 3089 938 3152 sunt
961 3087 1055 3152 salui.
1102 3089 1250 3153 Aecum
1272 3107 1373 3153 uoces
1397 3089 1468 3152 dil*

187 3188 226 3251 et
254 3211 299 3257 τις
329 3205 416 3271 quae
447 3188 567 3250 extant
597 3184 687 3271 apud
711 3185 851 3252 Suidam
879 3184 1100 3270 interpolatas
1127 3206 1201 3251 esse
1224 3205 1322 3251 nemo
1346 3184 1390 3250 sit
1413 3185 1470 3271 qui

189 3285 296 3368 putet,
320 3282 408 3348 banc
424 3281 546 3374 Suidae
562 3283 789 3349 recensionem
804 3285 939 3370 propius
954 3284 1073 3349 abesse
1091 3304 1112 3348 a
1127 3283 1281 3368 genuinis
1297 3282 1471 3350 Menandri

190 3381 303 3446 uerbis
325 3379 398 3445 luce
424 3384 476 3446 est
500 3379 629 3446 clarius.
677 3380 768 3460 Quae
792 3381 897 3447 uerba
919 3381 1022 3447 fuisse

403 3481 473 3543 ἀλλ’
499 3479 647 3564 ἰψόφηκε
669 3480 726 3562 τὴν
749 3481 855 3563 θύραν
877 3505 922 3552 τις
945 3483 1038 3555 ἐξιών

189 3577 259 3641 iam
274 3574 400 3642 Krister
414 3576 443 3641 II
459 3599 489 3663 p.
506 3575 571 3641 348
594 3578 683 3642 recte
708 3577 855 3659 agnouit
892 3575 980 3642 Nam
995 3597 1169 3664 perperam
1185 3576 1291 3642 Oobet
1304 3575 1380 3643 Uar.
1395 3575 1469 3642 leot.

187 3696 220 3761 p.
237 3673 301 3739 216
314 3695 370 3760 sq„
394 3695 494 3759 quem
517 3673 612 3741 Kock
635 3673 678 3740 ad
697 3673 736 3739 fr.
752 3674 814 3741 861
842 3674 922 3740 OAF
937 3675 981 3740 III
1003 3696 1032 3761 p.
1049 3675 1114 3741 229
1138 3676 1274 3741 secutus
1299 3677 1359 3758 est
1383 3695 1470 3761 quae

191 3769 317 3837 tradita
329 3781 409 3837 sunt
425 3775 621 3838 ‘extremam
632 3771 831 3838 barbariem'
843 3775 1036 3850 uocauerat,
1053 3793 1173 3858 nempe
1186 3771 1265 3858 quia
1276 3771 1471 3854 neglexerat

191 3869 282 3935 locos
312 3870 348 3935 in
375 3869 546 3936 Thesauro
575 3868 723 3936 Graecae
753 3869 888 3952 linguae
911 3870 987 3936 VIII
1010 3869 1097 3938 1927
1129 3891 1153 3935 s.
1176 3892 1208 3938 u
1231 3878 1350 3954 ψοφεῖν
1381 3889 1470 3935 eom-

192 3970 404 4050 memoratos,
430 3969 468 4032 cl.
483 3968 570 4034 Plut.
586 3967 677 4054 Popl.
693 3967 780 4050 20,4
804 3970 850 4033 ότι
872 3971 1024 4035 κόπτουσι
1046 3970 1101 4034 καὶ
1119 3975 1264 4052 ψοφοῦσι
1285 3970 1341 4040 τὰς
1364 3971 1471 4033 αὐτῶν

191 4067 305 4149 θύρας.
350 4064 478 4131 Heliod.
494 4067 508 4131 I
527 4068 566 4132 17
587 4087 616 4152 p.
634 4066 720 4149 23,5
744 4065 875 4132 Bekkor
903 4068 959 4139 τάς
988 4091 1021 4131 τε
1050 4068 1157 4150 θύρας
1186 4068 1233 4138 ὡς
1260 4068 1306 4130 ὅτι
1327 4068 1471 4132 πλεῖστον

191 4165 365 4248 ἐτρύφησεν.
421 4163 555 4229 Minime
590 4165 691 4248 igitur
725 4164 1012 4250 comprobabimus
1046 4163 1136 4249 quod
1170 4162 1274 4229 Oobet
1307 4165 1342 4229 et
1376 4161 1471 4227 Kock

190 4261 393 4347 scripserunt
416 4263 484 4326 ἀλλ’
504 4263 671 4346 ἕψόφηκεν
694 4266 713 4347 ἡ
737 4263 833 4346 θύρα.
856 4264 900 4333 τίς
923 4264 1057 4340 oderem
1082 4259 1148 4327 Sed
1170 4264 1210 4327 ut
1232 4260 1356 4343 redeat,
1381 4259 1470 4326 unde

191 4356 342 4440 digressa
372 4361 424 4425 est
452 4358 647 4445 disputatio:
679 4360 868 4446 quicunque
890 4379 960 4424 rem
984 4358 1245 4425 considerauerit
1268 4358 1326 4423 uix
1349 4357 1471 4443 poterit

192 4453 344 4522 dubitare
368 4458 447 4543 quin
464 4478 496 4524 u.
511 4456 555 4523 29
570 4456 635 4522 hoo
649 4457 760 4544 ipsum
774 4457 917 4522 uerbum
931 4464 1051 4540 ψοφεῖν
1065 4457 1235 4523 interierit.
1281 4455 1398 4540 Itaque
1422 4454 1471 4520 eis

191 4553 231 4618 de
266 4554 387 4641 quibus
423 4557 557 4620 constat
590 4554 710 4622 litteris
745 4553 920 4637 diligenter
954 4555 1097 4620 seruatis
1127 4553 1273 4620 fortasse
1302 4555 1392 4618 recte
1423 4551 1471 4618 sic

182 4652 396 4738 scripsimus:

1276 4757 1309 4812 7*
