<?xml version="1.0" encoding="UTF-8"?>
<!DOCTYPE html PUBLIC "-//W3C//DTD XHTML 1.0 Transitional//EN"
    "http://www.w3.org/TR/xhtml1/DTD/xhtml1-transitional.dtd">
<html xmlns="http://www.w3.org/1999/xhtml" xml:lang="en" lang="en">
 <head>
  <title>
</title>
<meta http-equiv="Content-Type" content="text/html;charset=utf-8" />
  <meta name='ocr-system' content='tesseract 3.04.00' />
  <meta name='ocr-capabilities' content='ocr_page ocr_carea ocr_par ocr_line ocrx_word'/>
</head>
<body>
  <div class='ocr_page' id='page_1' title='image "./demenandrireliq00kretgoog_0054.png"; bbox 0 0 3442 5130; ppageno 0'>
   <div class='ocr_carea' id='block_1_1' title="bbox 168 357 1456 623">
    <p class='ocr_par' dir='ltr' id='par_1_1' title="bbox 168 357 1456 623">
     <span class='ocr_line' id='line_1_1' title="bbox 695 357 917 424; baseline 0 -18"><span class='ocrx_word' id='word_1_1' title='bbox 695 397 740 406; x_wconf 83' lang='grc'><strong>-</strong></span> <span class='ocrx_word' id='word_1_2' title='bbox 783 357 827 424; x_wconf 82' lang='grc'><strong>49</strong></span> <span class='ocrx_word' id='word_1_3' title='bbox 872 397 917 406; x_wconf 83' lang='grc'><strong>-</strong></span> 
     </span>
     <span class='ocr_line' id='line_1_2' title="bbox 168 496 1456 623; baseline -0.002 -17"><span class='ocrx_word' id='word_1_4' title='bbox 168 538 207 607; x_wconf 77' lang='grc' dir='ltr'><strong>ιι.</strong></span> <span class='ocrx_word' id='word_1_5' title='bbox 230 535 382 604; x_wconf 69' lang='lat' dir='ltr'><strong>uenale</strong></span> <span class='ocrx_word' id='word_1_6' title='bbox 405 537 491 604; x_wconf 70' lang='lat' dir='ltr'><strong>Men.</strong></span> <span class='ocrx_word' id='word_1_7' title='bbox 515 540 550 603; x_wconf 72' lang='lat' dir='ltr'><strong>a</strong></span> <span class='ocrx_word' id='word_1_8' title='bbox 573 535 656 602; x_wconf 77' lang='lat' dir='ltr'><strong>ren</strong></span> <span class='ocrx_word' id='word_1_9' title='bbox 680 535 747 604; x_wconf 72' lang='lat' dir='ltr'><strong>ren.</strong></span> <span class='ocrx_word' id='word_1_10' title='bbox 772 559 801 623; x_wconf 82' lang='lat' dir='ltr'><strong>p.</strong></span> <span class='ocrx_word' id='word_1_11' title='bbox 823 537 844 602; x_wconf 80' lang='lat' dir='ltr'><strong>r</strong></span> <span class='ocrx_word' id='word_1_12' title='bbox 889 534 1161 602; x_wconf 68' lang='lat' dir='ltr'><strong>nomer-coru</strong></span> <span class='ocrx_word' id='word_1_13' title='bbox 1184 536 1245 602; x_wconf 77' lang='lat' dir='ltr'><strong>nr</strong></span> <span class='ocrx_word' id='word_1_14' title='bbox 1272 560 1302 623; x_wconf 80' lang='lat' dir='ltr'><strong>p.</strong></span> <span class='ocrx_word' id='word_1_15' title='bbox 1326 536 1401 619; x_wconf 89' lang='lat'>330,</span> <span class='ocrx_word' id='word_1_16' title='bbox 1416 496 1456 603; x_wconf 66' lang='grc' dir='ltr'><strong>ιζ</strong></span> 
     </span>
    </p>
   </div>
   <div class='ocr_carea' id='block_1_2' title="bbox 167 634 1447 2190">
    <p class='ocr_par' dir='ltr' id='par_1_2' title="bbox 167 634 1446 1310">
     <span class='ocr_line' id='line_1_3' title="bbox 167 634 1446 721; baseline -0.003 -16"><span class='ocrx_word' id='word_1_17' title='bbox 167 636 296 706; x_wconf 81' lang='lat' dir='ltr'>Deinde</span> <span class='ocrx_word' id='word_1_18' title='bbox 321 657 352 702; x_wconf 92' lang='lat' dir='ltr'><strong>u.</strong></span> <span class='ocrx_word' id='word_1_19' title='bbox 369 636 411 702; x_wconf 81' lang='lat'><strong>65</strong></span> <span class='ocrx_word' id='word_1_20' title='bbox 435 638 525 719; x_wconf 83' lang='grc' dir='ltr'><strong><em>ἄγων</em></strong></span> <span class='ocrx_word' id='word_1_21' title='bbox 550 639 639 700; x_wconf 86' lang='lat' dir='ltr'><strong>stare</strong></span> <span class='ocrx_word' id='word_1_22' title='bbox 670 655 732 700; x_wconf 91' lang='lat' dir='ltr'><strong>suo</strong></span> <span class='ocrx_word' id='word_1_23' title='bbox 755 634 828 701; x_wconf 89' lang='lat' dir='ltr'><strong>loco</strong></span> <span class='ocrx_word' id='word_1_24' title='bbox 852 634 1026 718; x_wconf 79' lang='lat' dir='ltr'><strong>intelleges</strong></span> <span class='ocrx_word' id='word_1_25' title='bbox 1057 637 1248 721; x_wconf 88' lang='lat' dir='ltr'><strong>comparato</strong></span> <span class='ocrx_word' id='word_1_26' title='bbox 1272 635 1446 701; x_wconf 84' lang='lat' dir='ltr'><strong>Menandri</strong></span> 
     </span>
     <span class='ocr_line' id='line_1_4' title="bbox 167 731 1444 818; baseline -0.002 -17"><span class='ocrx_word' id='word_1_27' title='bbox 167 734 205 801; x_wconf 84' lang='lat' dir='ltr'><strong>fr.</strong></span> <span class='ocrx_word' id='word_1_28' title='bbox 221 733 383 818; x_wconf 82' lang='lat' dir='ltr'><strong>405‚3K.</strong></span> <span class='ocrx_word' id='word_1_29' title='bbox 406 731 487 799; x_wconf 79' lang='lat' dir='ltr'><strong>OAF</strong></span> <span class='ocrx_word' id='word_1_30' title='bbox 503 732 547 798; x_wconf 90' lang='lat' dir='ltr'><strong>III</strong></span> <span class='ocrx_word' id='word_1_31' title='bbox 569 753 599 818; x_wconf 92' lang='lat' dir='ltr'><strong>p.</strong></span> <span class='ocrx_word' id='word_1_32' title='bbox 617 731 682 797; x_wconf 88' lang='grc'><strong>118</strong></span> <span class='ocrx_word' id='word_1_33' title='bbox 713 734 831 817; x_wconf 85' lang='grc' dir='ltr'><strong><em>σχολὴν</em></strong></span> <span class='ocrx_word' id='word_1_34' title='bbox 861 735 947 816; x_wconf 80' lang='grc' dir='ltr'><em>ἄγειν</em></span> <span class='ocrx_word' id='word_1_35' title='bbox 978 732 1018 798; x_wconf 82' lang='lat' dir='ltr'><strong>cf.</strong></span> <span class='ocrx_word' id='word_1_36' title='bbox 1049 731 1170 798; x_wconf 84' lang='lat' dir='ltr'><strong>Kaibel</strong></span> <span class='ocrx_word' id='word_1_37' title='bbox 1202 731 1277 799; x_wconf 84' lang='lat' dir='ltr'><strong>adn.</strong></span> <span class='ocrx_word' id='word_1_38' title='bbox 1302 733 1345 798; x_wconf 82' lang='lat' dir='ltr'><strong>ad</strong></span> <span class='ocrx_word' id='word_1_39' title='bbox 1372 731 1404 798; x_wconf 93' lang='lat' dir='ltr'><strong>h.</strong></span> <span class='ocrx_word' id='word_1_40' title='bbox 1424 731 1444 799; x_wconf 92' lang='lat' dir='ltr'><strong>l.</strong></span> 
     </span>
     <span class='ocr_line' id='line_1_5' title="bbox 167 829 1445 920; baseline -0.002 -22"><span class='ocrx_word' id='word_1_41' title='bbox 167 855 198 920; x_wconf 89' lang='lat' dir='ltr'><strong>p.</strong></span> <span class='ocrx_word' id='word_1_42' title='bbox 215 833 289 898; x_wconf 76' lang='lat'><strong>150.</strong></span> <span class='ocrx_word' id='word_1_43' title='bbox 327 831 438 917; x_wconf 83' lang='lat' dir='ltr'><strong>Atque</strong></span> <span class='ocrx_word' id='word_1_44' title='bbox 463 829 506 897; x_wconf 93' lang='lat' dir='ltr'><strong>ad</strong></span> <span class='ocrx_word' id='word_1_45' title='bbox 530 832 672 914; x_wconf 77' lang='grc' dir='ltr'><em>δικέλλης</em></span> <span class='ocrx_word' id='word_1_46' title='bbox 695 829 924 896; x_wconf 84' lang='lat' dir='ltr'><strong>adnotandum</strong></span> <span class='ocrx_word' id='word_1_47' title='bbox 951 833 1003 896; x_wconf 87' lang='lat' dir='ltr'><strong>est</strong></span> <span class='ocrx_word' id='word_1_48' title='bbox 1023 831 1087 895; x_wconf 93' lang='lat' dir='ltr'><strong>hac</strong></span> <span class='ocrx_word' id='word_1_49' title='bbox 1108 830 1217 913; x_wconf 84' lang='lat' dir='ltr'><strong>ligone</strong></span> <span class='ocrx_word' id='word_1_50' title='bbox 1233 830 1445 917; x_wconf 85' lang='lat' dir='ltr'><strong>potissimum</strong></span> 
     </span>
     <span class='ocr_line' id='line_1_6' title="bbox 168 926 1444 1015; baseline -0.002 -19"><span class='ocrx_word' id='word_1_51' title='bbox 168 930 329 1015; x_wconf 86' lang='lat' dir='ltr'><strong>agricolas</strong></span> <span class='ocrx_word' id='word_1_52' title='bbox 353 950 433 996; x_wconf 90' lang='lat' dir='ltr'><strong>usos</strong></span> <span class='ocrx_word' id='word_1_53' title='bbox 458 949 532 995; x_wconf 87' lang='lat' dir='ltr'><strong>esse</strong></span> <span class='ocrx_word' id='word_1_54' title='bbox 555 929 590 994; x_wconf 94' lang='lat' dir='ltr'><strong>in</strong></span> <span class='ocrx_word' id='word_1_55' title='bbox 615 928 760 994; x_wconf 82' lang='lat' dir='ltr'><strong>arbustis</strong></span> <span class='ocrx_word' id='word_1_56' title='bbox 784 926 949 994; x_wconf 87' lang='lat' dir='ltr'><strong>fodiendis</strong></span> <span class='ocrx_word' id='word_1_57' title='bbox 972 927 1012 993; x_wconf 85' lang='lat' dir='ltr'><strong>ol.</strong></span> <span class='ocrx_word' id='word_1_58' title='bbox 1030 926 1130 1015; x_wconf 83' lang='lat' dir='ltr'><strong>Geop.</strong></span> <span class='ocrx_word' id='word_1_59' title='bbox 1146 927 1267 1011; x_wconf 81' lang='lat' dir='ltr'><strong>V2o‚4</strong></span> <span class='ocrx_word' id='word_1_60' title='bbox 1296 951 1326 1015; x_wconf 93' lang='lat' dir='ltr'><strong>p.</strong></span> <span class='ocrx_word' id='word_1_61' title='bbox 1340 927 1444 1012; x_wconf 70' lang='lat' dir='ltr'><strong>ilar</strong></span> 
     </span>
     <span class='ocr_line' id='line_1_7' title="bbox 168 1027 1444 1112; baseline -0.002 -18"><span class='ocrx_word' id='word_1_62' title='bbox 168 1028 282 1094; x_wconf 81' lang='lat' dir='ltr'><strong>Beckh</strong></span> <span class='ocrx_word' id='word_1_63' title='bbox 312 1029 403 1099; x_wconf 85' lang='grc' dir='ltr'><em>ὅπως</em></span> <span class='ocrx_word' id='word_1_64' title='bbox 436 1028 481 1111; x_wconf 84' lang='grc' dir='ltr'><strong>μὴ</strong></span> <span class='ocrx_word' id='word_1_65' title='bbox 513 1029 702 1098; x_wconf 85' lang='grc' dir='ltr'><strong><em>σκάπτοντες</em></strong></span> <span class='ocrx_word' id='word_1_66' title='bbox 735 1034 784 1111; x_wconf 87' lang='grc' dir='ltr'><strong>τῆι</strong></span> <span class='ocrx_word' id='word_1_67' title='bbox 818 1027 954 1110; x_wconf 85' lang='grc' dir='ltr'><em>δικέλληι</em></span> <span class='ocrx_word' id='word_1_68' title='bbox 987 1027 1023 1092; x_wconf 88' lang='grc' dir='ltr'><strong>τὸ</strong></span> <span class='ocrx_word' id='word_1_69' title='bbox 1055 1027 1197 1110; x_wconf 81' lang='grc' dir='ltr'><em>στέλεχος</em></span> <span class='ocrx_word' id='word_1_70' title='bbox 1226 1029 1444 1112; x_wconf 84' lang='grc' dir='ltr'><strong><em>τρώσαντεςῆ</em></strong></span> 
     </span>
     <span class='ocr_line' id='line_1_8' title="bbox 167 1123 1445 1211; baseline -0.002 -18"><span class='ocrx_word' id='word_1_71' title='bbox 167 1129 315 1202; x_wconf 81' lang='grc' dir='ltr'><strong><em>νύξαντες</em></strong></span> <span class='ocrx_word' id='word_1_72' title='bbox 336 1127 504 1210; x_wconf 72' lang='grc' dir='ltr'><strong>βλάψουσιν</strong></span> <span class='ocrx_word' id='word_1_73' title='bbox 529 1130 563 1191; x_wconf 80' lang='lat' dir='ltr'><strong>et</strong></span> <span class='ocrx_word' id='word_1_74' title='bbox 582 1123 625 1190; x_wconf 92' lang='lat' dir='ltr'><strong>ib.</strong></span> <span class='ocrx_word' id='word_1_75' title='bbox 641 1125 685 1189; x_wconf 84' lang='lat'><strong>42</strong></span> <span class='ocrx_word' id='word_1_76' title='bbox 707 1147 737 1211; x_wconf 93' lang='lat' dir='ltr'><strong>p.</strong></span> <span class='ocrx_word' id='word_1_77' title='bbox 756 1123 883 1206; x_wconf 84' lang='grc'><strong>160,10</strong></span> <span class='ocrx_word' id='word_1_78' title='bbox 905 1123 1019 1190; x_wconf 86' lang='lat' dir='ltr'><strong>Beckh</strong></span> <span class='ocrx_word' id='word_1_79' title='bbox 1042 1126 1114 1207; x_wconf 83' lang='grc' dir='ltr'><em>περὶ</em></span> <span class='ocrx_word' id='word_1_80' title='bbox 1136 1131 1200 1189; x_wconf 79' lang='grc' dir='ltr'><strong>τῶν</strong></span> <span class='ocrx_word' id='word_1_81' title='bbox 1223 1126 1286 1190; x_wconf 78' lang='grc' dir='ltr'><strong>ὑπὸ</strong></span> <span class='ocrx_word' id='word_1_82' title='bbox 1303 1127 1445 1209; x_wconf 75' lang='grc' dir='ltr'><em>δικέλλης</em></span> 
     </span>
     <span class='ocr_line' id='line_1_9' title="bbox 167 1224 644 1310; baseline 0.002 -22"><span class='ocrx_word' id='word_1_83' title='bbox 167 1225 459 1310; x_wconf 77' lang='grc' dir='ltr'><strong><em>τραυματισθεισῶν</em></strong></span> <span class='ocrx_word' id='word_1_84' title='bbox 482 1224 644 1306; x_wconf 82' lang='grc' dir='ltr'><strong>ἀμπέλων.</strong></span> 
     </span>
    </p>

    <p class='ocr_par' dir='ltr' id='par_1_3' title="bbox 168 1319 1447 2190">
     <span class='ocr_line' id='line_1_10' title="bbox 275 1319 1446 1406; baseline 0 -20"><span class='ocrx_word' id='word_1_85' title='bbox 275 1321 360 1386; x_wconf 83' lang='lat' dir='ltr'><strong>Tum</strong></span> <span class='ocrx_word' id='word_1_86' title='bbox 390 1341 525 1386; x_wconf 86' lang='lat' dir='ltr'><strong>uersum</strong></span> <span class='ocrx_word' id='word_1_87' title='bbox 548 1319 591 1386; x_wconf 85' lang='grc'><strong>66</strong></span> <span class='ocrx_word' id='word_1_88' title='bbox 622 1319 718 1385; x_wconf 89' lang='lat' dir='ltr'><strong>nobis</strong></span> <span class='ocrx_word' id='word_1_89' title='bbox 748 1319 975 1404; x_wconf 82' lang='lat' dir='ltr'><strong>persuasimus</strong></span> <span class='ocrx_word' id='word_1_90' title='bbox 1007 1340 1080 1386; x_wconf 87' lang='lat' dir='ltr'><strong>esse</strong></span> <span class='ocrx_word' id='word_1_91' title='bbox 1103 1320 1320 1405; x_wconf 80' lang='lat' dir='ltr'><strong>parenthesin</strong></span> <span class='ocrx_word' id='word_1_92' title='bbox 1344 1339 1446 1406; x_wconf 89' lang='lat' dir='ltr'><strong>quam</strong></span> 
     </span>
     <span class='ocr_line' id='line_1_11' title="bbox 168 1416 1445 1504; baseline -0.001 -19"><span class='ocrx_word' id='word_1_93' title='bbox 168 1421 302 1503; x_wconf 88' lang='lat' dir='ltr'><strong>uocant,</strong></span> <span class='ocrx_word' id='word_1_94' title='bbox 334 1439 401 1504; x_wconf 90' lang='lat' dir='ltr'><strong>qua</strong></span> <span class='ocrx_word' id='word_1_95' title='bbox 423 1417 616 1504; x_wconf 75' lang='lat' dir='ltr'><strong>parenthesi</strong></span> <span class='ocrx_word' id='word_1_96' title='bbox 643 1416 778 1483; x_wconf 89' lang='lat' dir='ltr'><strong>uberius</strong></span> <span class='ocrx_word' id='word_1_97' title='bbox 802 1419 990 1502; x_wconf 78' lang='grc' dir='ltr'><strong>ἀπαλλαγεὶς</strong></span> <span class='ocrx_word' id='word_1_98' title='bbox 1013 1420 1154 1502; x_wconf 80' lang='grc' dir='ltr'><em>δικέλλης</em></span> <span class='ocrx_word' id='word_1_99' title='bbox 1175 1421 1230 1483; x_wconf 81' lang='grc' dir='ltr'><strong>καὶ</strong></span> <span class='ocrx_word' id='word_1_100' title='bbox 1251 1425 1364 1484; x_wconf 84' lang='grc' dir='ltr'><em>κακῶν</em></span> <span class='ocrx_word' id='word_1_101' title='bbox 1387 1439 1445 1484; x_wconf 88' lang='lat' dir='ltr'><strong>ex-</strong></span> 
     </span>
     <span class='ocr_line' id='line_1_12' title="bbox 168 1515 1445 1605; baseline -0.001 -22"><span class='ocrx_word' id='word_1_102' title='bbox 168 1517 321 1605; x_wconf 90' lang='lat' dir='ltr'><strong>plicetur;</strong></span> <span class='ocrx_word' id='word_1_103' title='bbox 354 1536 417 1582; x_wconf 91' lang='lat' dir='ltr'><strong>neo</strong></span> <span class='ocrx_word' id='word_1_104' title='bbox 447 1536 527 1582; x_wconf 91' lang='lat' dir='ltr'><strong>uero</strong></span> <span class='ocrx_word' id='word_1_105' title='bbox 559 1535 634 1582; x_wconf 89' lang='lat' dir='ltr'><strong>oum</strong></span> <span class='ocrx_word' id='word_1_106' title='bbox 661 1515 866 1582; x_wconf 85' lang='lat' dir='ltr'><strong>Dziatzkonc</strong></span> <span class='ocrx_word' id='word_1_107' title='bbox 898 1516 954 1601; x_wconf 91' lang='lat' dir='ltr'><strong>qui</strong></span> <span class='ocrx_word' id='word_1_108' title='bbox 986 1515 1128 1582; x_wconf 87' lang='lat' dir='ltr'><strong>adnotat</strong></span> <span class='ocrx_word' id='word_1_109' title='bbox 1151 1516 1230 1582; x_wconf 80' lang='lat' dir='ltr'><strong>‘Der</strong></span> <span class='ocrx_word' id='word_1_110' title='bbox 1251 1515 1336 1581; x_wconf 92' lang='lat' dir='ltr'><strong>Vers</strong></span> <span class='ocrx_word' id='word_1_111' title='bbox 1366 1515 1445 1582; x_wconf 80' lang='lat' dir='ltr'><strong>mur</strong></span> 
     </span>
     <span class='ocr_line' id='line_1_13' title="bbox 168 1612 1447 1682; baseline -0.002 -1"><span class='ocrx_word' id='word_1_112' title='bbox 168 1636 210 1681; x_wconf 88' lang='lat' dir='ltr'><strong>m.</strong></span> <span class='ocrx_word' id='word_1_113' title='bbox 226 1615 261 1682; x_wconf 83' lang='lat' dir='ltr'><strong>ll.</strong></span> <span class='ocrx_word' id='word_1_114' title='bbox 285 1614 364 1680; x_wconf 91' lang='lat' dir='ltr'><strong>eher</strong></span> <span class='ocrx_word' id='word_1_115' title='bbox 386 1613 452 1680; x_wconf 90' lang='lat' dir='ltr'><strong>den</strong></span> <span class='ocrx_word' id='word_1_116' title='bbox 467 1612 612 1680; x_wconf 91' lang='lat' dir='ltr'><strong>Wandel</strong></span> <span class='ocrx_word' id='word_1_117' title='bbox 634 1612 680 1678; x_wconf 93' lang='lat' dir='ltr'><strong>im</strong></span> <span class='ocrx_word' id='word_1_118' title='bbox 694 1613 820 1680; x_wconf 90' lang='lat' dir='ltr'><strong>Wesen</strong></span> <span class='ocrx_word' id='word_1_119' title='bbox 841 1613 899 1679; x_wconf 90' lang='lat' dir='ltr'><strong>des</strong></span> <span class='ocrx_word' id='word_1_120' title='bbox 915 1614 1017 1680; x_wconf 89' lang='lat' dir='ltr'><strong>Alton</strong></span> <span class='ocrx_word' id='word_1_121' title='bbox 1042 1613 1222 1680; x_wconf 84' lang='lat' dir='ltr'><strong>bedenten’</strong></span> <span class='ocrx_word' id='word_1_122' title='bbox 1248 1617 1284 1680; x_wconf 87' lang='lat' dir='ltr'><strong>et</strong></span> <span class='ocrx_word' id='word_1_123' title='bbox 1306 1615 1447 1680; x_wconf 87' lang='lat' dir='ltr'><strong>coniecit</strong></span> 
     </span>
     <span class='ocr_line' id='line_1_14' title="bbox 169 1709 1446 1802; baseline -0.001 -23"><span class='ocrx_word' id='word_1_124' title='bbox 169 1711 219 1802; x_wconf 82' lang='grc' dir='ltr'><strong>[οὐ</strong></span> <span class='ocrx_word' id='word_1_125' title='bbox 233 1709 415 1801; x_wconf 81' lang='grc' dir='ltr'><strong>παν]τί&lt;γ’&gt;</strong></span> <span class='ocrx_word' id='word_1_126' title='bbox 430 1714 492 1778; x_wconf 78' lang='grc' dir='ltr'><strong>ἐστι</strong></span> <span class='ocrx_word' id='word_1_127' title='bbox 508 1732 535 1776; x_wconf 93' lang='lat' dir='ltr'><strong>e.</strong></span> <span class='ocrx_word' id='word_1_128' title='bbox 545 1733 573 1796; x_wconf 93' lang='lat' dir='ltr'><strong>q.</strong></span> <span class='ocrx_word' id='word_1_129' title='bbox 583 1732 608 1776; x_wconf 89' lang='lat' dir='ltr'><strong>s.</strong></span> <span class='ocrx_word' id='word_1_130' title='bbox 624 1710 692 1777; x_wconf 93' lang='lat' dir='ltr'><strong>ullo</strong></span> <span class='ocrx_word' id='word_1_131' title='bbox 705 1711 802 1777; x_wconf 93' lang='lat' dir='ltr'><strong>modo</strong></span> <span class='ocrx_word' id='word_1_132' title='bbox 815 1732 994 1798; x_wconf 87' lang='lat' dir='ltr'><strong>possumus</strong></span> <span class='ocrx_word' id='word_1_133' title='bbox 1011 1711 1208 1794; x_wconf 88' lang='lat' dir='ltr'><strong>consentire,</strong></span> <span class='ocrx_word' id='word_1_134' title='bbox 1222 1711 1446 1798; x_wconf 89' lang='lat' dir='ltr'><strong>quianullum</strong></span> 
     </span>
     <span class='ocr_line' id='line_1_15' title="bbox 169 1808 1446 1898; baseline -0.002 -21"><span class='ocrx_word' id='word_1_135' title='bbox 169 1831 234 1898; x_wconf 92' lang='lat' dir='ltr'><strong>quo</strong></span> <span class='ocrx_word' id='word_1_136' title='bbox 258 1810 342 1876; x_wconf 91' lang='lat' dir='ltr'><strong>haec</strong></span> <span class='ocrx_word' id='word_1_137' title='bbox 365 1808 580 1878; x_wconf 82' lang='lat' dir='ltr'><strong>confirmetur</strong></span> <span class='ocrx_word' id='word_1_138' title='bbox 604 1809 714 1894; x_wconf 94' lang='lat' dir='ltr'><strong>opinio</strong></span> <span class='ocrx_word' id='word_1_139' title='bbox 737 1811 850 1895; x_wconf 88' lang='lat' dir='ltr'><strong>potest</strong></span> <span class='ocrx_word' id='word_1_140' title='bbox 872 1808 1011 1895; x_wconf 89' lang='lat' dir='ltr'><strong>proferri</strong></span> <span class='ocrx_word' id='word_1_141' title='bbox 1033 1808 1230 1895; x_wconf 87' lang='lat' dir='ltr'><strong>exemplum.</strong></span> <span class='ocrx_word' id='word_1_142' title='bbox 1254 1811 1300 1874; x_wconf 89' lang='lat' dir='ltr'><strong>At</strong></span> <span class='ocrx_word' id='word_1_143' title='bbox 1323 1831 1446 1896; x_wconf 89' lang='lat' dir='ltr'><strong>suppe-</strong></span> 
     </span>
     <span class='ocr_line' id='line_1_16' title="bbox 168 1907 1446 1994; baseline -0.002 -20"><span class='ocrx_word' id='word_1_144' title='bbox 168 1911 248 1975; x_wconf 85' lang='lat' dir='ltr'><strong>tunt</strong></span> <span class='ocrx_word' id='word_1_145' title='bbox 262 1907 458 1974; x_wconf 87' lang='lat' dir='ltr'><strong>testimonia</strong></span> <span class='ocrx_word' id='word_1_146' title='bbox 474 1929 492 1973; x_wconf 93' lang='lat' dir='ltr'><strong>e</strong></span> <span class='ocrx_word' id='word_1_147' title='bbox 508 1907 629 1992; x_wconf 91' lang='lat' dir='ltr'><strong>quibus</strong></span> <span class='ocrx_word' id='word_1_148' title='bbox 645 1909 730 1972; x_wconf 80' lang='grc' dir='ltr'><em>οδιω</em></span> <span class='ocrx_word' id='word_1_149' title='bbox 745 1932 790 1979; x_wconf 87' lang='grc' dir='ltr'><strong>τις</strong></span> <span class='ocrx_word' id='word_1_150' title='bbox 805 1928 884 1973; x_wconf 90' lang='lat' dir='ltr'><strong>uere</strong></span> <span class='ocrx_word' id='word_1_151' title='bbox 908 1927 982 1973; x_wconf 86' lang='lat' dir='ltr'><strong>esse</strong></span> <span class='ocrx_word' id='word_1_152' title='bbox 1006 1907 1197 1994; x_wconf 87' lang='lat' dir='ltr'><strong>suppletum</strong></span> <span class='ocrx_word' id='word_1_153' title='bbox 1220 1927 1401 1990; x_wconf 81' lang='lat' dir='ltr'><strong>cognoscas</strong></span> <span class='ocrx_word' id='word_1_154' title='bbox 1409 1910 1446 1988; x_wconf 73' lang='lat' dir='ltr'><strong>ll:</strong></span> 
     </span>
     <span class='ocr_line' id='line_1_17' title="bbox 168 2004 1446 2092; baseline -0.004 -18"><span class='ocrx_word' id='word_1_155' title='bbox 168 2006 255 2074; x_wconf 89' lang='lat' dir='ltr'><strong>Men.</strong></span> <span class='ocrx_word' id='word_1_156' title='bbox 266 2004 305 2074; x_wconf 81' lang='lat' dir='ltr'><strong>fr.</strong></span> <span class='ocrx_word' id='word_1_157' title='bbox 314 2005 379 2073; x_wconf 88' lang='grc'><strong>287</strong></span> <span class='ocrx_word' id='word_1_158' title='bbox 385 2005 424 2071; x_wconf 90' lang='lat' dir='ltr'><strong>K.</strong></span> <span class='ocrx_word' id='word_1_159' title='bbox 437 2007 519 2074; x_wconf 81' lang='lat' dir='ltr'><strong>OAF</strong></span> <span class='ocrx_word' id='word_1_160' title='bbox 530 2006 574 2070; x_wconf 88' lang='lat' dir='ltr'><strong>III</strong></span> <span class='ocrx_word' id='word_1_161' title='bbox 589 2028 619 2092; x_wconf 93' lang='lat' dir='ltr'><strong>p.</strong></span> <span class='ocrx_word' id='word_1_162' title='bbox 632 2004 672 2071; x_wconf 88' lang='grc'><strong>81</strong></span> <span class='ocrx_word' id='word_1_163' title='bbox 691 2007 777 2070; x_wconf 81' lang='grc' dir='ltr'><strong><em>οὕτω</em></strong></span> <span class='ocrx_word' id='word_1_164' title='bbox 786 2030 814 2070; x_wconf 84' lang='grc' dir='ltr'><strong>τι</strong></span> <span class='ocrx_word' id='word_1_165' title='bbox 828 2009 949 2090; x_wconf 82' lang='grc' dir='ltr'><em>πρᾶγμ’</em></span> <span class='ocrx_word' id='word_1_166' title='bbox 962 2008 1023 2070; x_wconf 79' lang='grc' dir='ltr'><strong><em>ἐστ’</em></strong></span> <span class='ocrx_word' id='word_1_167' title='bbox 1036 2008 1186 2070; x_wconf 79' lang='grc' dir='ltr'><strong>ἐπίπονον</strong></span> <span class='ocrx_word' id='word_1_168' title='bbox 1200 2007 1237 2070; x_wconf 85' lang='grc' dir='ltr'><strong>τὸ</strong></span> <span class='ocrx_word' id='word_1_169' title='bbox 1251 2007 1446 2090; x_wconf 83' lang='grc' dir='ltr'><em>προσδοκᾶν.</em></span> 
     </span>
     <span class='ocr_line' id='line_1_18' title="bbox 168 2091 1445 2190; baseline -0.002 -19"><span class='ocrx_word' id='word_1_170' title='bbox 168 2105 276 2171; x_wconf 85' lang='lat' dir='ltr'><strong>Posid.</strong></span> <span class='ocrx_word' id='word_1_171' title='bbox 292 2103 330 2170; x_wconf 80' lang='lat' dir='ltr'><strong>fr.</strong></span> <span class='ocrx_word' id='word_1_172' title='bbox 347 2102 390 2169; x_wconf 88' lang='grc'><strong>19</strong></span> <span class='ocrx_word' id='word_1_173' title='bbox 398 2103 437 2169; x_wconf 89' lang='lat' dir='ltr'><strong>K.</strong></span> <span class='ocrx_word' id='word_1_174' title='bbox 459 2102 541 2170; x_wconf 80' lang='lat' dir='ltr'><strong>GAF</strong></span> <span class='ocrx_word' id='word_1_175' title='bbox 557 2103 601 2168; x_wconf 90' lang='lat' dir='ltr'><strong>III</strong></span> <span class='ocrx_word' id='word_1_176' title='bbox 623 2126 653 2190; x_wconf 94' lang='lat' dir='ltr'><strong>p.</strong></span> <span class='ocrx_word' id='word_1_177' title='bbox 670 2102 733 2170; x_wconf 89' lang='grc'><strong>341</strong></span> <span class='ocrx_word' id='word_1_178' title='bbox 759 2106 845 2169; x_wconf 82' lang='grc' dir='ltr'><strong><em>οὕτω</em></strong></span> <span class='ocrx_word' id='word_1_179' title='bbox 864 2129 892 2168; x_wconf 84' lang='grc' dir='ltr'><strong>τι</strong></span> <span class='ocrx_word' id='word_1_180' title='bbox 913 2091 1079 2169; x_wconf 84' lang='grc' dir='ltr'><em>πολύπουν</em></span> <span class='ocrx_word' id='word_1_181' title='bbox 1095 2105 1174 2169; x_wconf 78' lang='grc' dir='ltr'><strong><em>ἐστὶν</em></strong></span> <span class='ocrx_word' id='word_1_182' title='bbox 1189 2106 1210 2188; x_wconf 79' lang='grc' dir='ltr'>ἠ</span> <span class='ocrx_word' id='word_1_183' title='bbox 1225 2105 1309 2188; x_wconf 84' lang='grc' dir='ltr'><em>λύπη</em></span> <span class='ocrx_word' id='word_1_184' title='bbox 1333 2105 1445 2168; x_wconf 84' lang='grc' dir='ltr'><strong>κακόν.</strong></span> 
     </span>
    </p>
   </div>
   <div class='ocr_carea' id='block_1_3' title="bbox 57 2199 1447 2286">
    <p class='ocr_par' dir='ltr' id='par_1_4' title="bbox 57 2199 1447 2286">
     <span class='ocr_line' id='line_1_19' title="bbox 57 2199 1447 2286; baseline -0.002 -17"><span class='ocrx_word' id='word_1_185' title='bbox 57 2237 61 2242; x_wconf 83' lang='grc'><em>·</em></span> <span class='ocrx_word' id='word_1_186' title='bbox 169 2203 283 2269; x_wconf 83' lang='lat' dir='ltr'><strong>Alexis</strong></span> <span class='ocrx_word' id='word_1_187' title='bbox 306 2201 344 2268; x_wconf 86' lang='lat' dir='ltr'><strong>fr.</strong></span> <span class='ocrx_word' id='word_1_188' title='bbox 360 2202 464 2284; x_wconf 82' lang='grc'><strong>210,3</strong></span> <span class='ocrx_word' id='word_1_189' title='bbox 478 2200 516 2266; x_wconf 89' lang='grc' dir='ltr'><strong>Κ.</strong></span> <span class='ocrx_word' id='word_1_190' title='bbox 541 2199 622 2266; x_wconf 78' lang='lat' dir='ltr'><strong>CAF</strong></span> <span class='ocrx_word' id='word_1_191' title='bbox 638 2201 667 2266; x_wconf 90' lang='grc' dir='ltr'><strong>Π</strong></span> <span class='ocrx_word' id='word_1_192' title='bbox 683 2201 749 2268; x_wconf 87' lang='grc'><strong>374</strong></span> <span class='ocrx_word' id='word_1_193' title='bbox 771 2204 857 2267; x_wconf 81' lang='grc' dir='ltr'><strong><em>οὕτω</em></strong></span> <span class='ocrx_word' id='word_1_194' title='bbox 874 2227 902 2266; x_wconf 86' lang='grc' dir='ltr'><strong>τι</strong></span> <span class='ocrx_word' id='word_1_195' title='bbox 923 2203 1077 2286; x_wconf 78' lang='grc' dir='ltr'><strong>τάλλότρι’</strong></span> <span class='ocrx_word' id='word_1_196' title='bbox 1096 2204 1211 2266; x_wconf 71' lang='lat' dir='ltr'><strong>raddo</strong></span> <span class='ocrx_word' id='word_1_197' title='bbox 1235 2203 1315 2267; x_wconf 78' lang='grc' dir='ltr'><strong><em>ἐστὶν</em></strong></span> <span class='ocrx_word' id='word_1_198' title='bbox 1337 2203 1447 2285; x_wconf 83' lang='grc' dir='ltr'><em>γλυκύ.</em></span> 
     </span>
    </p>
   </div>
   <div class='ocr_carea' id='block_1_4' title="bbox 112 2298 1450 4517">
    <p class='ocr_par' dir='ltr' id='par_1_5' title="bbox 129 2298 1450 3657">
     <span class='ocr_line' id='line_1_20' title="bbox 129 2298 1447 2386; baseline 0.002 -22"><span class='ocrx_word' id='word_1_199' title='bbox 129 2359 130 2364; x_wconf 75' lang='grc'>,</span> <span class='ocrx_word' id='word_1_200' title='bbox 169 2302 239 2367; x_wconf 89' lang='lat' dir='ltr'><strong>Iam</strong></span> <span class='ocrx_word' id='word_1_201' title='bbox 263 2299 303 2365; x_wconf 92' lang='lat' dir='ltr'><strong>de</strong></span> <span class='ocrx_word' id='word_1_202' title='bbox 335 2302 479 2365; x_wconf 89' lang='lat' dir='ltr'><strong>exeunte</strong></span> <span class='ocrx_word' id='word_1_203' title='bbox 502 2320 534 2364; x_wconf 92' lang='lat' dir='ltr'><strong>u.</strong></span> <span class='ocrx_word' id='word_1_204' title='bbox 550 2299 594 2367; x_wconf 79' lang='lat'><strong>67</strong></span> <span class='ocrx_word' id='word_1_205' title='bbox 616 2304 652 2365; x_wconf 89' lang='lat' dir='ltr'><strong>et</strong></span> <span class='ocrx_word' id='word_1_206' title='bbox 675 2298 718 2364; x_wconf 89' lang='grc'><strong>68</strong></span> <span class='ocrx_word' id='word_1_207' title='bbox 741 2300 879 2366; x_wconf 90' lang='lat' dir='ltr'><strong>ineunte</strong></span> <span class='ocrx_word' id='word_1_208' title='bbox 902 2301 1082 2386; x_wconf 88' lang='lat' dir='ltr'><strong>quaeritur.</strong></span> <span class='ocrx_word' id='word_1_209' title='bbox 1127 2299 1244 2385; x_wconf 85' lang='lat' dir='ltr'><strong>Neque</strong></span> <span class='ocrx_word' id='word_1_210' title='bbox 1266 2302 1333 2364; x_wconf 82' lang='grc' dir='ltr'><strong><em>τίνα</em></strong></span> <span class='ocrx_word' id='word_1_211' title='bbox 1356 2320 1388 2366; x_wconf 91' lang='lat' dir='ltr'><strong>u.</strong></span> <span class='ocrx_word' id='word_1_212' title='bbox 1404 2299 1447 2366; x_wconf 85' lang='grc'><strong>67</strong></span> 
     </span>
     <span class='ocr_line' id='line_1_21' title="bbox 168 2396 1447 2486; baseline -0.002 -22"><span class='ocrx_word' id='word_1_213' title='bbox 168 2397 359 2486; x_wconf 88' lang='lat' dir='ltr'><strong>Myrrhinae</strong></span> <span class='ocrx_word' id='word_1_214' title='bbox 391 2396 539 2462; x_wconf 90' lang='lat' dir='ltr'><strong>dandum</strong></span> <span class='ocrx_word' id='word_1_215' title='bbox 570 2418 644 2463; x_wconf 88' lang='lat' dir='ltr'><strong>esse</strong></span> <span class='ocrx_word' id='word_1_216' title='bbox 676 2396 878 2482; x_wconf 78' lang='lat' dir='ltr'><strong>crediderim,</strong></span> <span class='ocrx_word' id='word_1_217' title='bbox 914 2397 994 2483; x_wconf 91' lang='lat' dir='ltr'><strong>quia</strong></span> <span class='ocrx_word' id='word_1_218' title='bbox 1027 2397 1168 2481; x_wconf 84' lang='lat' dir='ltr'><strong>signum,</strong></span> <span class='ocrx_word' id='word_1_219' title='bbox 1205 2418 1269 2483; x_wconf 93' lang='lat' dir='ltr'><strong>quo</strong></span> <span class='ocrx_word' id='word_1_220' title='bbox 1305 2397 1447 2463; x_wconf 89' lang='lat' dir='ltr'><strong>alteram</strong></span> 
     </span>
     <span class='ocr_line' id='line_1_22' title="bbox 169 2493 1448 2583; baseline -0.002 -21"><span class='ocrx_word' id='word_1_221' title='bbox 169 2515 347 2583; x_wconf 88' lang='lat' dir='ltr'><strong>personam</strong></span> <span class='ocrx_word' id='word_1_222' title='bbox 367 2494 459 2580; x_wconf 92' lang='lat' dir='ltr'><strong>loqui</strong></span> <span class='ocrx_word' id='word_1_223' title='bbox 473 2497 658 2579; x_wconf 83' lang='lat' dir='ltr'><strong>notaretur,</strong></span> <span class='ocrx_word' id='word_1_224' title='bbox 683 2515 751 2560; x_wconf 92' lang='lat' dir='ltr'><strong>non</strong></span> <span class='ocrx_word' id='word_1_225' title='bbox 766 2515 825 2580; x_wconf 91' lang='lat' dir='ltr'><strong>pro</strong></span> <span class='ocrx_word' id='word_1_226' title='bbox 850 2499 940 2561; x_wconf 86' lang='lat' dir='ltr'><strong>certo</strong></span> <span class='ocrx_word' id='word_1_227' title='bbox 964 2497 1195 2578; x_wconf 84' lang='lat' dir='ltr'><strong>cognouerunt</strong></span> <span class='ocrx_word' id='word_1_228' title='bbox 1209 2493 1362 2560; x_wconf 88' lang='lat' dir='ltr'><strong>Britanni</strong></span> <span class='ocrx_word' id='word_1_229' title='bbox 1385 2514 1448 2560; x_wconf 92' lang='lat' dir='ltr'><strong>nec</strong></span> 
     </span>
     <span class='ocr_line' id='line_1_23' title="bbox 170 2591 1447 2679; baseline -0.002 -19"><span class='ocrx_word' id='word_1_230' title='bbox 170 2594 199 2660; x_wconf 85' lang='lat' dir='ltr'><strong>ei</strong></span> <span class='ocrx_word' id='word_1_231' title='bbox 221 2593 351 2660; x_wconf 91' lang='lat' dir='ltr'><strong>illorum</strong></span> <span class='ocrx_word' id='word_1_232' title='bbox 375 2591 579 2658; x_wconf 86' lang='lat' dir='ltr'><strong>seutentiam</strong></span> <span class='ocrx_word' id='word_1_233' title='bbox 594 2613 809 2679; x_wconf 86' lang='lat' dir='ltr'><strong>sequeremur</strong></span> <span class='ocrx_word' id='word_1_234' title='bbox 829 2593 901 2658; x_wconf 88' lang='lat' dir='ltr'><strong>eius</strong></span> <span class='ocrx_word' id='word_1_235' title='bbox 917 2594 974 2678; x_wconf 89' lang='lat' dir='ltr'><strong>qui</strong></span> <span class='ocrx_word' id='word_1_236' title='bbox 998 2592 1148 2679; x_wconf 86' lang='lat' dir='ltr'><strong>sequitur</strong></span> <span class='ocrx_word' id='word_1_237' title='bbox 1170 2614 1288 2658; x_wconf 89' lang='lat' dir='ltr'><strong>uersus</strong></span> <span class='ocrx_word' id='word_1_238' title='bbox 1312 2592 1447 2678; x_wconf 92' lang='lat' dir='ltr'><strong>supple-</strong></span> 
     </span>
     <span class='ocr_line' id='line_1_24' title="bbox 170 2690 1447 2778; baseline 0 -21"><span class='ocrx_word' id='word_1_239' title='bbox 170 2694 321 2757; x_wconf 89' lang='lat' dir='ltr'><strong>mentum</strong></span> <span class='ocrx_word' id='word_1_240' title='bbox 343 2690 542 2778; x_wconf 89' lang='lat' dir='ltr'><strong>reperiretur</strong></span> <span class='ocrx_word' id='word_1_241' title='bbox 564 2690 647 2756; x_wconf 87' lang='lat' dir='ltr'><strong>satis</strong></span> <span class='ocrx_word' id='word_1_242' title='bbox 670 2690 838 2756; x_wconf 91' lang='lat' dir='ltr'><strong>idoneum.</strong></span> <span class='ocrx_word' id='word_1_243' title='bbox 883 2691 1000 2777; x_wconf 90' lang='lat' dir='ltr'><strong>Neque</strong></span> <span class='ocrx_word' id='word_1_244' title='bbox 1024 2691 1111 2756; x_wconf 90' lang='lat' dir='ltr'><strong>enim</strong></span> <span class='ocrx_word' id='word_1_245' title='bbox 1135 2711 1218 2756; x_wconf 92' lang='lat' dir='ltr'><strong>uoce</strong></span> <span class='ocrx_word' id='word_1_246' title='bbox 1241 2693 1312 2756; x_wconf 81' lang='grc' dir='ltr'><strong><em>αὕτ’</em></strong></span> <span class='ocrx_word' id='word_1_247' title='bbox 1338 2711 1447 2777; x_wconf 91' lang='lat' dir='ltr'><strong>neque</strong></span> 
     </span>
     <span class='ocr_line' id='line_1_25' title="bbox 169 2789 1445 2876; baseline -0.002 -22"><span class='ocrx_word' id='word_1_248' title='bbox 169 2793 253 2856; x_wconf 83' lang='grc' dir='ltr'><strong><em>ταῦτ’</em></strong></span> <span class='ocrx_word' id='word_1_249' title='bbox 269 2789 380 2875; x_wconf 86' lang='lat' dir='ltr'><strong>posite</strong></span> <span class='ocrx_word' id='word_1_250' title='bbox 394 2791 471 2876; x_wconf 88' lang='lat' dir='ltr'><strong>post</strong></span> <span class='ocrx_word' id='word_1_251' title='bbox 493 2791 664 2874; x_wconf 83' lang='grc' dir='ltr'><strong>πράγματα</strong></span> <span class='ocrx_word' id='word_1_252' title='bbox 688 2809 771 2875; x_wconf 88' lang='lat' dir='ltr'><strong>opus</strong></span> <span class='ocrx_word' id='word_1_253' title='bbox 796 2791 859 2871; x_wconf 87' lang='lat' dir='ltr'><strong>est,</strong></span> <span class='ocrx_word' id='word_1_254' title='bbox 883 2810 945 2854; x_wconf 91' lang='lat' dir='ltr'><strong>neo</strong></span> <span class='ocrx_word' id='word_1_255' title='bbox 966 2791 1039 2873; x_wconf 75' lang='grc' dir='ltr'><strong>τάχ’</strong></span> <span class='ocrx_word' id='word_1_256' title='bbox 1058 2793 1097 2854; x_wconf 82' lang='grc' dir='ltr'><strong>ἂν</strong></span> <span class='ocrx_word' id='word_1_257' title='bbox 1119 2790 1216 2855; x_wconf 85' lang='lat' dir='ltr'><strong>iuxta</strong></span> <span class='ocrx_word' id='word_1_258' title='bbox 1238 2793 1316 2860; x_wconf 86' lang='grc' dir='ltr'><em>ἴσως</em></span> <span class='ocrx_word' id='word_1_259' title='bbox 1331 2789 1445 2876; x_wconf 84' lang='lat' dir='ltr'><strong>potest</strong></span> 
     </span>
     <span class='ocr_line' id='line_1_26' title="bbox 170 2885 1448 2972; baseline -0.002 -18"><span class='ocrx_word' id='word_1_260' title='bbox 170 2887 248 2954; x_wconf 86' lang='lat' dir='ltr'><strong>ferri</strong></span> <span class='ocrx_word' id='word_1_261' title='bbox 271 2889 307 2952; x_wconf 87' lang='lat' dir='ltr'><strong>et</strong></span> <span class='ocrx_word' id='word_1_262' title='bbox 327 2886 365 2951; x_wconf 83' lang='grc' dir='ltr'><strong>ιδ</strong></span> <span class='ocrx_word' id='word_1_263' title='bbox 387 2888 447 2969; x_wconf 67' lang='lat' dir='ltr'><strong>ptr</strong></span> <span class='ocrx_word' id='word_1_264' title='bbox 469 2894 550 2952; x_wconf 84' lang='lat' dir='ltr'><strong>ante</strong></span> <span class='ocrx_word' id='word_1_265' title='bbox 574 2888 646 2971; x_wconf 81' lang='grc' dir='ltr'><strong><em>οὐχὶ</em></strong></span> <span class='ocrx_word' id='word_1_266' title='bbox 668 2889 864 2952; x_wconf 84' lang='grc' dir='ltr'><strong>παντάπασιν</strong></span> <span class='ocrx_word' id='word_1_267' title='bbox 887 2885 1078 2972; x_wconf 86' lang='lat' dir='ltr'><strong>suppletum</strong></span> <span class='ocrx_word' id='word_1_268' title='bbox 1094 2907 1338 2972; x_wconf 89' lang='lat' dir='ltr'><strong>superuacuum</strong></span> <span class='ocrx_word' id='word_1_269' title='bbox 1355 2885 1448 2952; x_wconf 92' lang='lat' dir='ltr'><strong>uide-</strong></span> 
     </span>
     <span class='ocr_line' id='line_1_27' title="bbox 171 2983 1449 3071; baseline -0.002 -20"><span class='ocrx_word' id='word_1_270' title='bbox 171 2988 233 3052; x_wconf 87' lang='lat' dir='ltr'><strong>tur.</strong></span> <span class='ocrx_word' id='word_1_271' title='bbox 278 2985 400 3050; x_wconf 88' lang='lat' dir='ltr'><strong>Restat</strong></span> <span class='ocrx_word' id='word_1_272' title='bbox 423 2983 555 3066; x_wconf 65' lang='lat' dir='ltr'><strong>Georgii</strong></span> <span class='ocrx_word' id='word_1_273' title='bbox 577 2984 697 3050; x_wconf 90' lang='lat' dir='ltr'><strong>Kaibel</strong></span> <span class='ocrx_word' id='word_1_274' title='bbox 721 2984 991 3071; x_wconf 90' lang='lat' dir='ltr'><strong>supplementum</strong></span> <span class='ocrx_word' id='word_1_275' title='bbox 1014 2984 1055 3050; x_wconf 89' lang='lat' dir='ltr'><strong>de</strong></span> <span class='ocrx_word' id='word_1_276' title='bbox 1079 2989 1144 3070; x_wconf 81' lang='lat' dir='ltr'><strong>qdo</strong></span> <span class='ocrx_word' id='word_1_277' title='bbox 1168 2985 1240 3070; x_wconf 91' lang='lat' dir='ltr'><strong>ipse</strong></span> <span class='ocrx_word' id='word_1_278' title='bbox 1268 2984 1361 3050; x_wconf 88' lang='lat' dir='ltr'><strong>dicit:</strong></span> <span class='ocrx_word' id='word_1_279' title='bbox 1384 2983 1449 3048; x_wconf 88' lang='lat' dir='ltr'><strong>‘die</strong></span> 
     </span>
     <span class='ocr_line' id='line_1_28' title="bbox 171 3079 1448 3171; baseline -0.003 -21"><span class='ocrx_word' id='word_1_280' title='bbox 171 3083 264 3150; x_wconf 89' lang='lat' dir='ltr'><strong>nicht</strong></span> <span class='ocrx_word' id='word_1_281' title='bbox 297 3080 562 3148; x_wconf 87' lang='lat' dir='ltr'><strong>unbedenkliche</strong></span> <span class='ocrx_word' id='word_1_282' title='bbox 597 3082 795 3166; x_wconf 76' lang='lat' dir='ltr'><strong>Erganzung</strong></span> <span class='ocrx_word' id='word_1_283' title='bbox 828 3084 895 3148; x_wconf 87' lang='grc' dir='ltr'><strong><em>τίνα</em></strong></span> <span class='ocrx_word' id='word_1_284' title='bbox 921 3080 924 3171; x_wconf 73' lang='lat' dir='ltr'><strong>l</strong></span> <span class='ocrx_word' id='word_1_285' title='bbox 951 3079 1037 3171; x_wconf 81' lang='grc' dir='ltr'><strong><em>[ἔστ’]</em></strong></span> <span class='ocrx_word' id='word_1_286' title='bbox 1072 3083 1118 3147; x_wconf 85' lang='lat' dir='ltr'><strong>ist</strong></span> <span class='ocrx_word' id='word_1_287' title='bbox 1150 3083 1203 3148; x_wconf 94' lang='lat' dir='ltr'><strong>ein</strong></span> <span class='ocrx_word' id='word_1_288' title='bbox 1238 3080 1448 3166; x_wconf 80' lang='lat' dir='ltr'><strong>Notbehelf&#39;3</strong></span> 
     </span>
     <span class='ocr_line' id='line_1_29' title="bbox 171 3178 1448 3267; baseline -0.002 -21"><span class='ocrx_word' id='word_1_289' title='bbox 171 3180 259 3267; x_wconf 93' lang='lat' dir='ltr'><strong>quod</strong></span> <span class='ocrx_word' id='word_1_290' title='bbox 283 3183 398 3246; x_wconf 91' lang='lat' dir='ltr'><strong>tamen</strong></span> <span class='ocrx_word' id='word_1_291' title='bbox 428 3180 697 3266; x_wconf 84' lang='lat' dir='ltr'><strong>supplementum</strong></span> <span class='ocrx_word' id='word_1_292' title='bbox 731 3182 778 3246; x_wconf 91' lang='lat' dir='ltr'><strong>eis</strong></span> <span class='ocrx_word' id='word_1_293' title='bbox 806 3201 892 3266; x_wconf 90' lang='lat' dir='ltr'><strong>quae</strong></span> <span class='ocrx_word' id='word_1_294' title='bbox 923 3178 1021 3247; x_wconf 92' lang='lat' dir='ltr'><strong>modo</strong></span> <span class='ocrx_word' id='word_1_295' title='bbox 1050 3180 1319 3246; x_wconf 89' lang='lat' dir='ltr'><strong>enumerauimus</strong></span> <span class='ocrx_word' id='word_1_296' title='bbox 1341 3179 1448 3245; x_wconf 90' lang='lat' dir='ltr'><strong>multo</strong></span> 
     </span>
     <span class='ocr_line' id='line_1_30' title="bbox 170 3276 1449 3365; baseline -0.001 -22"><span class='ocrx_word' id='word_1_297' title='bbox 170 3277 305 3344; x_wconf 88' lang='lat' dir='ltr'><strong>uidetur</strong></span> <span class='ocrx_word' id='word_1_298' title='bbox 330 3276 593 3364; x_wconf 87' lang='lat' dir='ltr'><strong>praeferendum.</strong></span> <span class='ocrx_word' id='word_1_299' title='bbox 638 3276 725 3344; x_wconf 91' lang='lat' dir='ltr'><strong>Nam</strong></span> <span class='ocrx_word' id='word_1_300' title='bbox 750 3277 887 3344; x_wconf 84' lang='lat' dir='ltr'><strong>tolletur</strong></span> <span class='ocrx_word' id='word_1_301' title='bbox 911 3300 996 3365; x_wconf 89' lang='lat' dir='ltr'><strong>quae</strong></span> <span class='ocrx_word' id='word_1_302' title='bbox 1021 3276 1160 3362; x_wconf 84' lang='lat' dir='ltr'><strong>Georgio</strong></span> <span class='ocrx_word' id='word_1_303' title='bbox 1183 3276 1302 3344; x_wconf 89' lang='lat' dir='ltr'><strong>Kaibel</strong></span> <span class='ocrx_word' id='word_1_304' title='bbox 1324 3278 1449 3342; x_wconf 89' lang='lat' dir='ltr'><strong>iniecta</strong></span> 
     </span>
     <span class='ocr_line' id='line_1_31' title="bbox 172 3375 1448 3464; baseline -0.002 -22"><span class='ocrx_word' id='word_1_305' title='bbox 172 3378 244 3442; x_wconf 89' lang='lat' dir='ltr'><strong>erat</strong></span> <span class='ocrx_word' id='word_1_306' title='bbox 268 3375 433 3441; x_wconf 87' lang='lat' dir='ltr'><strong>dubitatio</strong></span> <span class='ocrx_word' id='word_1_307' title='bbox 463 3395 538 3441; x_wconf 90' lang='lat' dir='ltr'><strong>oum</strong></span> <span class='ocrx_word' id='word_1_308' title='bbox 561 3376 799 3440; x_wconf 86' lang='lat' dir='ltr'><strong>contulerimus</strong></span> <span class='ocrx_word' id='word_1_309' title='bbox 823 3397 880 3441; x_wconf 88' lang='lat' dir='ltr'><strong>eos</strong></span> <span class='ocrx_word' id='word_1_310' title='bbox 903 3375 1004 3458; x_wconf 88' lang='lat' dir='ltr'><strong>locos,</strong></span> <span class='ocrx_word' id='word_1_311' title='bbox 1029 3376 1150 3464; x_wconf 89' lang='lat' dir='ltr'><strong>quibus</strong></span> <span class='ocrx_word' id='word_1_312' title='bbox 1175 3375 1342 3441; x_wconf 89' lang='lat' dir='ltr'><strong>simillima</strong></span> <span class='ocrx_word' id='word_1_313' title='bbox 1364 3376 1448 3441; x_wconf 89' lang='lat' dir='ltr'><strong>rati-</strong></span> 
     </span>
     <span class='ocr_line' id='line_1_32' title="bbox 172 3472 1450 3560; baseline -0.002 -20"><span class='ocrx_word' id='word_1_314' title='bbox 172 3494 235 3540; x_wconf 93' lang='lat' dir='ltr'><strong>one</strong></span> <span class='ocrx_word' id='word_1_315' title='bbox 266 3472 405 3539; x_wconf 91' lang='lat' dir='ltr'><strong>uerbum</strong></span> <span class='ocrx_word' id='word_1_316' title='bbox 428 3475 491 3539; x_wconf 80' lang='lat' dir='ltr'><strong>e’ou</strong></span> <span class='ocrx_word' id='word_1_317' title='bbox 521 3474 676 3558; x_wconf 88' lang='lat' dir='ltr'><strong>quamuis</strong></span> <span class='ocrx_word' id='word_1_318' title='bbox 700 3494 767 3539; x_wconf 92' lang='lat' dir='ltr'><strong>non</strong></span> <span class='ocrx_word' id='word_1_319' title='bbox 795 3474 860 3539; x_wconf 90' lang='lat' dir='ltr'><strong>nisi</strong></span> <span class='ocrx_word' id='word_1_320' title='bbox 883 3473 1020 3560; x_wconf 90' lang='lat' dir='ltr'><strong>copulae</strong></span> <span class='ocrx_word' id='word_1_321' title='bbox 1045 3494 1146 3559; x_wconf 89' lang='lat' dir='ltr'><strong>quam</strong></span> <span class='ocrx_word' id='word_1_322' title='bbox 1169 3476 1294 3540; x_wconf 88' lang='lat' dir='ltr'><strong>uocant</strong></span> <span class='ocrx_word' id='word_1_323' title='bbox 1324 3473 1450 3539; x_wconf 89' lang='lat' dir='ltr'><strong>habeat</strong></span> 
     </span>
     <span class='ocr_line' id='line_1_33' title="bbox 171 3569 1081 3657; baseline 0 -20"><span class='ocrx_word' id='word_1_324' title='bbox 171 3573 240 3638; x_wconf 92' lang='lat' dir='ltr'><strong>uim</strong></span> <span class='ocrx_word' id='word_1_325' title='bbox 262 3569 384 3654; x_wconf 85' lang='lat' dir='ltr'><strong>legitur</strong></span> <span class='ocrx_word' id='word_1_326' title='bbox 406 3570 441 3635; x_wconf 93' lang='lat' dir='ltr'><strong>in</strong></span> <span class='ocrx_word' id='word_1_327' title='bbox 464 3571 568 3656; x_wconf 91' lang='lat' dir='ltr'><strong>primo</strong></span> <span class='ocrx_word' id='word_1_328' title='bbox 592 3591 751 3636; x_wconf 88' lang='lat' dir='ltr'><strong>uersuum</strong></span> <span class='ocrx_word' id='word_1_329' title='bbox 773 3570 858 3657; x_wconf 93' lang='lat' dir='ltr'><strong>pede</strong></span> <span class='ocrx_word' id='word_1_330' title='bbox 882 3571 1081 3638; x_wconf 88' lang='lat' dir='ltr'><strong>collocatum</strong></span> 
     </span>
    </p>

    <p class='ocr_par' dir='ltr' id='par_1_6' title="bbox 112 3667 1289 3760">
     <span class='ocr_line' id='line_1_34' title="bbox 112 3667 1289 3760; baseline 0.003 -30"><span class='ocrx_word' id='word_1_331' title='bbox 112 3725 114 3730; x_wconf 81' lang='grc'>,</span> <span class='ocrx_word' id='word_1_332' title='bbox 171 3669 334 3760; x_wconf 74' lang='lat' dir='ltr'><strong>Anaxilas</strong></span> <span class='ocrx_word' id='word_1_333' title='bbox 357 3668 562 3750; x_wconf 59' lang='grc'><strong>11223011.</strong></span> <span class='ocrx_word' id='word_1_334' title='bbox 588 3667 714 3734; x_wconf 77' lang='lat' dir='ltr'><strong>GAFII</strong></span> <span class='ocrx_word' id='word_1_335' title='bbox 737 3691 766 3754; x_wconf 92' lang='lat' dir='ltr'><strong>p.</strong></span> <span class='ocrx_word' id='word_1_336' title='bbox 783 3669 849 3733; x_wconf 89' lang='grc'><strong>270</strong></span> <span class='ocrx_word' id='word_1_337' title='bbox 887 3673 1086 3753; x_wconf 81' lang='grc' dir='ltr'><strong><em>συντέμνοντι</em></strong></span> <span class='ocrx_word' id='word_1_338' title='bbox 1110 3671 1142 3734; x_wconf 83' lang='grc' dir='ltr'><strong>δ’</strong></span> <span class='ocrx_word' id='word_1_339' title='bbox 1157 3671 1233 3734; x_wconf 80' lang='grc' dir='ltr'><em>οὐδὲ</em></span> <span class='ocrx_word' id='word_1_340' title='bbox 1256 3672 1289 3734; x_wconf 83' lang='grc' dir='ltr'><strong>ἕν</strong></span> 
     </span>
    </p>

    <p class='ocr_par' dir='ltr' id='par_1_7' title="bbox 172 3768 1447 3951">
     <span class='ocr_line' id='line_1_35' title="bbox 485 3768 1288 3852; baseline -0.002 -20"><span class='ocrx_word' id='word_1_341' title='bbox 485 3769 555 3832; x_wconf 71' lang='grc' dir='ltr'><strong><em>ἔσθ’</em></strong></span> <span class='ocrx_word' id='word_1_342' title='bbox 579 3769 702 3850; x_wconf 82' lang='grc' dir='ltr'><strong>ἑταίρας</strong></span> <span class='ocrx_word' id='word_1_343' title='bbox 725 3768 844 3852; x_wconf 83' lang='grc' dir='ltr'><strong><em>ὅσαπερ</em></strong></span> <span class='ocrx_word' id='word_1_344' title='bbox 869 3771 930 3832; x_wconf 84' lang='grc' dir='ltr'><strong>ἔστι</strong></span> <span class='ocrx_word' id='word_1_345' title='bbox 950 3770 1046 3851; x_wconf 73' lang='grc' dir='ltr'><em>θηρί’</em></span> <span class='ocrx_word' id='word_1_346' title='bbox 1071 3769 1288 3852; x_wconf 79' lang='grc' dir='ltr'><strong><em>ἐξωλέστερον.</em></strong></span> 
     </span>
     <span class='ocr_line' id='line_1_36' title="bbox 172 3863 1447 3951; baseline 0.001 -22"><span class='ocrx_word' id='word_1_347' title='bbox 172 3864 335 3951; x_wconf 81' lang='lat' dir='ltr'><strong>Anaxipp.</strong></span> <span class='ocrx_word' id='word_1_348' title='bbox 350 3863 388 3929; x_wconf 78' lang='lat' dir='ltr'><strong>fr.</strong></span> <span class='ocrx_word' id='word_1_349' title='bbox 406 3867 436 3945; x_wconf 84' lang='lat' dir='ltr'><strong>l,</strong></span> <span class='ocrx_word' id='word_1_350' title='bbox 450 3865 492 3930; x_wconf 83' lang='lat'><strong>39</strong></span> <span class='ocrx_word' id='word_1_351' title='bbox 501 3863 540 3931; x_wconf 93' lang='lat' dir='ltr'><strong>K.</strong></span> <span class='ocrx_word' id='word_1_352' title='bbox 558 3864 639 3930; x_wconf 78' lang='lat' dir='ltr'><strong>GAF</strong></span> <span class='ocrx_word' id='word_1_353' title='bbox 654 3865 698 3930; x_wconf 86' lang='grc' dir='ltr'><strong>ΙΙΙ</strong></span> <span class='ocrx_word' id='word_1_354' title='bbox 721 3886 750 3950; x_wconf 93' lang='lat' dir='ltr'><strong>p.</strong></span> <span class='ocrx_word' id='word_1_355' title='bbox 767 3865 832 3931; x_wconf 82' lang='grc'><strong>297</strong></span> <span class='ocrx_word' id='word_1_356' title='bbox 856 3867 1027 3950; x_wconf 82' lang='grc' dir='ltr'><strong>ἀδηφάγον</strong></span> <span class='ocrx_word' id='word_1_357' title='bbox 1042 3866 1078 3930; x_wconf 89' lang='grc' dir='ltr'><strong>τδ</strong></span> <span class='ocrx_word' id='word_1_358' title='bbox 1095 3869 1192 3941; x_wconf 82' lang='grc' dir='ltr'><em>ζῶιον</em></span> <span class='ocrx_word' id='word_1_359' title='bbox 1207 3867 1251 3936; x_wconf 83' lang='grc' dir='ltr'><strong>εἰς</strong></span> <span class='ocrx_word' id='word_1_360' title='bbox 1266 3865 1447 3949; x_wconf 82' lang='grc' dir='ltr'><em>ὑπερβολὴν</em></span> 
     </span>
    </p>

    <p class='ocr_par' dir='ltr' id='par_1_8' title="bbox 860 3967 948 4029">
     <span class='ocr_line' id='line_1_37' title="bbox 860 3967 948 4029; baseline 0.011 -1"><span class='ocrx_word' id='word_1_361' title='bbox 860 3967 948 4029; x_wconf 79' lang='grc' dir='ltr'><strong><em>ἔστιν.</em></strong></span> 
     </span>
    </p>

    <p class='ocr_par' dir='ltr' id='par_1_9' title="bbox 172 4059 1449 4244">
     <span class='ocr_line' id='line_1_38' title="bbox 172 4059 1449 4147; baseline -0.002 -20"><span class='ocrx_word' id='word_1_362' title='bbox 172 4060 258 4127; x_wconf 89' lang='lat' dir='ltr'><strong>Men.</strong></span> <span class='ocrx_word' id='word_1_363' title='bbox 281 4059 319 4126; x_wconf 86' lang='lat' dir='ltr'><strong>fr.</strong></span> <span class='ocrx_word' id='word_1_364' title='bbox 335 4059 512 4144; x_wconf 86' lang='grc' dir='ltr'><strong>223,12Κ.</strong></span> <span class='ocrx_word' id='word_1_365' title='bbox 536 4060 618 4127; x_wconf 69' lang='lat' dir='ltr'><strong>CAF*</strong></span> <span class='ocrx_word' id='word_1_366' title='bbox 633 4060 677 4125; x_wconf 93' lang='lat' dir='ltr'><strong>III</strong></span> <span class='ocrx_word' id='word_1_367' title='bbox 699 4080 729 4147; x_wconf 92' lang='lat' dir='ltr'><strong>p.</strong></span> <span class='ocrx_word' id='word_1_368' title='bbox 746 4059 791 4125; x_wconf 88' lang='grc'><strong>64</strong></span> <span class='ocrx_word' id='word_1_369' title='bbox 813 4059 997 4146; x_wconf 76' lang='grc' dir='ltr'><strong>ᾶλέκτρυὼν</strong></span> <span class='ocrx_word' id='word_1_370' title='bbox 1013 4069 1154 4144; x_wconf 84' lang='grc' dir='ltr'><strong>γενναῖος</strong></span> <span class='ocrx_word' id='word_1_371' title='bbox 1169 4063 1203 4126; x_wconf 77' lang='grc' dir='ltr'><strong>ἐν</strong></span> <span class='ocrx_word' id='word_1_372' title='bbox 1218 4063 1319 4145; x_wconf 82' lang='grc' dir='ltr'><strong><em>ἑτέραι</em></strong></span> <span class='ocrx_word' id='word_1_373' title='bbox 1332 4068 1449 4144; x_wconf 83' lang='grc' dir='ltr'><em>τροφῆι</em></span> 
     </span>
     <span class='ocr_line' id='line_1_39' title="bbox 670 4160 1449 4244; baseline -0.005 -20"><span class='ocrx_word' id='word_1_374' title='bbox 670 4162 758 4233; x_wconf 85' lang='grc' dir='ltr'><strong><em>ἔστιν,</em></strong></span> <span class='ocrx_word' id='word_1_375' title='bbox 782 4161 801 4223; x_wconf 88' lang='grc' dir='ltr'><em>δ</em></span> <span class='ocrx_word' id='word_1_376' title='bbox 825 4161 854 4224; x_wconf 87' lang='grc' dir='ltr'><strong>δ’</strong></span> <span class='ocrx_word' id='word_1_377' title='bbox 867 4160 1000 4244; x_wconf 83' lang='grc' dir='ltr'><strong><em>ἀγεννὴς</em></strong></span> <span class='ocrx_word' id='word_1_378' title='bbox 1023 4161 1077 4224; x_wconf 83' lang='grc' dir='ltr'><strong>καὶ</strong></span> <span class='ocrx_word' id='word_1_379' title='bbox 1101 4161 1182 4224; x_wconf 87' lang='grc' dir='ltr'><em>δέδιε</em></span> <span class='ocrx_word' id='word_1_380' title='bbox 1204 4160 1259 4224; x_wconf 89' lang='grc' dir='ltr'><strong>τὸν</strong></span> <span class='ocrx_word' id='word_1_381' title='bbox 1281 4161 1449 4242; x_wconf 84' lang='grc' dir='ltr'><strong><em>κρείττονα.</em></strong></span> 
     </span>
    </p>

    <p class='ocr_par' dir='ltr' id='par_1_10' title="bbox 173 4255 1278 4343">
     <span class='ocr_line' id='line_1_40' title="bbox 173 4255 1278 4343; baseline -0.002 -21"><span class='ocrx_word' id='word_1_382' title='bbox 173 4255 258 4322; x_wconf 88' lang='lat' dir='ltr'><strong>Men.</strong></span> <span class='ocrx_word' id='word_1_383' title='bbox 281 4257 317 4322; x_wconf 88' lang='lat' dir='ltr'><strong>lr.</strong></span> <span class='ocrx_word' id='word_1_384' title='bbox 333 4255 484 4338; x_wconf 82' lang='lat' dir='ltr'><strong>402‚7K.</strong></span> <span class='ocrx_word' id='word_1_385' title='bbox 509 4255 590 4321; x_wconf 78' lang='lat' dir='ltr'><strong>OAF</strong></span> <span class='ocrx_word' id='word_1_386' title='bbox 605 4256 650 4321; x_wconf 89' lang='lat' dir='ltr'><strong>III</strong></span> <span class='ocrx_word' id='word_1_387' title='bbox 672 4279 701 4343; x_wconf 92' lang='lat' dir='ltr'><strong>p.</strong></span> <span class='ocrx_word' id='word_1_388' title='bbox 719 4257 783 4322; x_wconf 86' lang='lat'><strong>115</strong></span> <span class='ocrx_word' id='word_1_389' title='bbox 807 4258 861 4321; x_wconf 83' lang='grc' dir='ltr'><strong>καλ</strong></span> <span class='ocrx_word' id='word_1_390' title='bbox 883 4258 939 4341; x_wconf 83' lang='grc' dir='ltr'><strong>τὴν</strong></span> <span class='ocrx_word' id='word_1_391' title='bbox 963 4259 1039 4340; x_wconf 77' lang='grc' dir='ltr'><strong>ὄψιν</strong></span> <span class='ocrx_word' id='word_1_392' title='bbox 1062 4260 1102 4340; x_wconf 81' lang='grc' dir='ltr'><strong>ἣν</strong></span> <span class='ocrx_word' id='word_1_393' title='bbox 1125 4259 1278 4340; x_wconf 83' lang='grc' dir='ltr'><strong><em>ἐκτήσατο</em></strong></span> 
     </span>
    </p>

    <p class='ocr_par' dir='ltr' id='par_1_11' title="bbox 542 4355 1280 4438">
     <span class='ocr_line' id='line_1_41' title="bbox 542 4355 1280 4438; baseline 0.001 -19"><span class='ocrx_word' id='word_1_394' title='bbox 542 4357 617 4426; x_wconf 84' lang='grc' dir='ltr'><strong><em>ὄνος</em></strong></span> <span class='ocrx_word' id='word_1_395' title='bbox 640 4357 673 4419; x_wconf 79' lang='grc' dir='ltr'><strong>ἐν</strong></span> <span class='ocrx_word' id='word_1_396' title='bbox 696 4357 847 4438; x_wconf 72' lang='grc' dir='ltr'><em>πιθήκοις</em></span> <span class='ocrx_word' id='word_1_397' title='bbox 869 4362 962 4420; x_wconf 79' lang='grc' dir='ltr'><strong><em>τοῦτο</em></strong></span> <span class='ocrx_word' id='word_1_398' title='bbox 986 4355 1025 4438; x_wconf 83' lang='grc' dir='ltr'><strong>δὴ</strong></span> <span class='ocrx_word' id='word_1_399' title='bbox 1050 4355 1280 4438; x_wconf 81' lang='grc' dir='ltr'><strong><em>τὸλεγόμενον</em></strong></span> 
     </span>
    </p>

    <p class='ocr_par' dir='ltr' id='par_1_12' title="bbox 541 4455 630 4517">
     <span class='ocr_line' id='line_1_42' title="bbox 541 4455 630 4517; baseline -0.011 0"><span class='ocrx_word' id='word_1_400' title='bbox 541 4455 630 4517; x_wconf 84' lang='grc' dir='ltr'><strong><em>ἔστιν.</em></strong></span> 
     </span>
    </p>
   </div>
   <div class='ocr_carea' id='block_1_5' title="bbox 280 4608 1450 4684">
    <p class='ocr_par' dir='ltr' id='par_1_13' title="bbox 280 4608 1450 4684">
     <span class='ocr_line' id='line_1_43' title="bbox 280 4608 1450 4684; baseline -0.003 -18"><span class='ocrx_word' id='word_1_401' title='bbox 280 4613 299 4681; x_wconf 79' lang='lat'><strong>¹)</strong></span> <span class='ocrx_word' id='word_1_402' title='bbox 319 4611 414 4666; x_wconf 87' lang='lat' dir='ltr'><strong>Simile</strong></span> <span class='ocrx_word' id='word_1_403' title='bbox 432 4611 537 4684; x_wconf 87' lang='lat' dir='ltr'><strong>aliquid</strong></span> <span class='ocrx_word' id='word_1_404' title='bbox 555 4611 585 4666; x_wconf 87' lang='lat' dir='ltr'><strong>in</strong></span> <span class='ocrx_word' id='word_1_405' title='bbox 596 4611 695 4666; x_wconf 84' lang='lat' dir='ltr'><strong>fabula</strong></span> <span class='ocrx_word' id='word_1_406' title='bbox 708 4611 743 4667; x_wconf 92' lang='lat' dir='ltr'><strong>de</strong></span> <span class='ocrx_word' id='word_1_407' title='bbox 756 4628 812 4684; x_wconf 89' lang='lat' dir='ltr'><strong>qua</strong></span> <span class='ocrx_word' id='word_1_408' title='bbox 824 4611 855 4666; x_wconf 73' lang='lat'><strong>¹1¹.</strong></span> <span class='ocrx_word' id='word_1_409' title='bbox 868 4610 991 4666; x_wconf 81' lang='lat' dir='ltr'><strong>Maccius</strong></span> <span class='ocrx_word' id='word_1_410' title='bbox 1003 4611 1175 4666; x_wconf 83' lang='lat' dir='ltr'><strong>Aululariam</strong></span> <span class='ocrx_word' id='word_1_411' title='bbox 1194 4608 1331 4680; x_wconf 85' lang='lat' dir='ltr'><strong>expressit</strong></span> <span class='ocrx_word' id='word_1_412' title='bbox 1344 4608 1450 4663; x_wconf 90' lang='lat' dir='ltr'><strong>dictum</strong></span> 
     </span>
    </p>
   </div>
   <div class='ocr_carea' id='block_1_6' title="bbox 173 4689 1256 4824">
    <p class='ocr_par' dir='ltr' id='par_1_14' title="bbox 173 4689 1256 4824">
     <span class='ocr_line' id='line_1_44' title="bbox 173 4689 1071 4762; baseline 0 -16"><span class='ocrx_word' id='word_1_413' title='bbox 173 4694 243 4757; x_wconf 80' lang='lat' dir='ltr'><strong>erat,</strong></span> <span class='ocrx_word' id='word_1_414' title='bbox 261 4691 297 4746; x_wconf 78' lang='lat' dir='ltr'><strong>ci.</strong></span> <span class='ocrx_word' id='word_1_415' title='bbox 315 4691 381 4747; x_wconf 86' lang='lat' dir='ltr'><strong>Aul.</strong></span> <span class='ocrx_word' id='word_1_416' title='bbox 394 4691 429 4746; x_wconf 87' lang='lat'><strong>14</strong></span> <span class='ocrx_word' id='word_1_417' title='bbox 445 4689 520 4747; x_wconf 86' lang='lat' dir='ltr'><strong>‘cum</strong></span> <span class='ocrx_word' id='word_1_418' title='bbox 537 4691 636 4747; x_wconf 83' lang='lat' dir='ltr'><strong>labore</strong></span> <span class='ocrx_word' id='word_1_419' title='bbox 653 4708 758 4762; x_wconf 77' lang='lat' dir='ltr'><strong>magno</strong></span> <span class='ocrx_word' id='word_1_420' title='bbox 777 4694 808 4747; x_wconf 89' lang='lat' dir='ltr'><strong>et</strong></span> <span class='ocrx_word' id='word_1_421' title='bbox 825 4692 926 4747; x_wconf 87' lang='lat' dir='ltr'><strong>misere</strong></span> <span class='ocrx_word' id='word_1_422' title='bbox 944 4689 1071 4747; x_wconf 87' lang='lat' dir='ltr'><strong>uiueret’.</strong></span> 
     </span>
     <span class='ocr_line' id='line_1_45' title="bbox 217 4761 1256 4824; baseline -0.009 0"><span class='ocrx_word' id='word_1_423' title='bbox 217 4777 384 4824; x_wconf 70' lang='lat' dir='ltr'><strong>Kretscmar.</strong></span> <span class='ocrx_word' id='word_1_424' title='bbox 1237 4761 1256 4815; x_wconf 87' lang='lat'>4</span> 
     </span>
    </p>
   </div>
   <div class='ocr_carea' id='block_1_7' title="bbox 0 0 1733 5130">
    <p class='ocr_par' dir='ltr' id='par_1_15' title="bbox 0 0 1733 5130">
     <span class='ocr_line' id='line_1_46' title="bbox 0 0 1733 5130; baseline 0 0"><span class='ocrx_word' id='word_1_425' title='bbox 0 0 1733 5130; x_wconf 95' lang='lat' dir='ltr'><strong> </strong></span> 
     </span>
    </p>
   </div>
  </div>
 </body>
</html>
