3448 5134
796 348 1018 413 „80-

265 525 509 612 Astyanactem
538 525 574 590 in
606 545 646 590 ca
674 525 848 592 columnae
872 527 968 611 parte
992 546 1078 612 quae
1100 545 1168 591 non
1194 525 1379 612 comparuit
1401 546 1548 592 comme-

265 627 432 688 moratum
456 643 530 688 esse
545 622 760 706 intellegitur,
784 644 847 689 nec
862 627 978 690 tamen
993 623 1073 710 quid
1090 623 1129 688 de
1146 643 1184 688 co
1202 621 1327 689 dictum
1344 623 1389 689 sit
1405 627 1547 691 constat

265 720 367 787 Ouius
397 721 521 787 multos
552 724 670 806 poetas
702 723 843 788 comicos
875 722 1078 787 mentionem
1101 720 1221 786 fecisse
1250 720 1337 806 quod
1365 720 1548 788 scholiasta

266 818 370 902 docet,
402 839 445 884 ne
477 819 578 884 unius
608 818 742 905 quidem
773 818 884 886 adhuc
910 819 1059 885 innotuit
1081 819 1174 884 locus
1198 839 1263 904 quo
1288 818 1328 884 de
1353 839 1392 885 eo
1416 821 1547 904 agatur,

264 937 373 1001 neque
398 917 532 982 omnino
557 914 597 980 de
622 937 660 982 eo
685 915 865 1003 quidquam
891 919 944 983 est
965 916 1128 982 traditum
1151 916 1216 982 nisi
1231 937 1318 1002 quae
1334 916 1423 1001 apud
1438 917 1546 983 Athe-

264 1034 387 1080 naeum
399 1011 474 1101 Xp.
484 1013 578 1080 413a
593 1014 717 1101 scripta
732 1013 898 1080 uidemus:
917 1016 1092 1089 Ἀστυάναξ
1107 1015 1294 1098 ὂΜιλήσισς
1309 1016 1374 1098 τρὶς
1388 1015 1547 1098 Ὀλύμπια

263 1114 394 1196 νικήσας
417 1114 497 1177 κατὰ
520 1113 555 1176 τὸ
580 1115 652 1196 ἑξῆς
674 1115 870 1198 παγκράτιον
885 1114 1016 1197 κληθείς
1038 1138 1114 1178 ποτε
1138 1114 1188 1177 ἐπὶ
1211 1114 1337 1177 δεῖπνον
1360 1113 1424 1177 ὑπὸ
1443 1113 1546 1196 Ἀρισ-

263 1213 428 1295 βαρζάνου
451 1218 507 1275 τοῦ
522 1210 655 1294 Πέρσου
679 1213 733 1275 καὶ
757 1212 954 1295 ἀφικόμενος
976 1213 1128 1294 ὑπέσχετο
1152 1219 1265 1294 φαγεῖν
1287 1213 1388 1275 πάντα
1411 1211 1449 1274 τὰ
1471 1218 1547 1276 πᾶσι

263 1310 567 1391 παρασκευασθέντα
590 1310 645 1372 καὶ
667 1312 835 1392 κατέφαγε.
880 1310 992 1393 Atque
1016 1306 1105 1372 hunc
1121 1307 1380 1373 Ariobarzanem
1403 1307 1546 1372 eundem

265 1425 338 1471 esse
370 1425 468 1491 quem
500 1425 589 1470 anno
621 1426 650 1471 a.
675 1405 707 1471 G.
735 1427 767 1474 n.
792 1405 857 1472 367
887 1405 1113 1472 Athenienses
1145 1405 1282 1471 ciuitate
1314 1404 1544 1488 donauerint¹i

263 1502 432 1589 Phrygiae
457 1507 629 1589 satrapam
652 1505 769 1570 censet
787 1503 930 1586 Forster,
954 1502 1025 1568 ‘Dic
1050 1501 1277 1590 olympischen
1294 1502 1407 1585 Sie'ger
1431 1502 1481 1567 bis
1505 1523 1547 1567 zu

264 1599 357 1667 Ende
388 1600 447 1666 des
479 1601 507 1666 4.
531 1599 775 1667 Jahrhunderts
805 1623 837 1666 v.
866 1599 952 1666 Chr.2
985 1601 1105 1684 (Progr.
1128 1600 1287 1667 Zwickau
1311 1601 1408 1682 1891)
1439 1622 1469 1685 p.
1493 1600 1545 1666 25.

264 1698 359 1780 Quod
391 1698 420 1764 si
446 1719 564 1764 uerum
588 1702 688 1781 esset,
721 1719 805 1766 cena
828 1698 872 1764 ad
895 1719 997 1785 quam
1020 1700 1264 1786 Astyanactem
1288 1702 1448 1764 uocatum
1472 1719 1546 1764 esse

263 1796 460 1862 Athenaeus
491 1795 595 1862 tradit
627 1818 696 1863 non
726 1799 804 1883 post
832 1818 960 1863 annum
983 1796 1058 1880 362,
1092 1818 1156 1883 quo
1192 1817 1280 1862 anno
1304 1796 1545 1861 Ariobarzanes

264 1898 406 1960 mortem
436 1894 527 1977 obiit,
558 1894 652 1960 iacta
682 1897 782 1978 esset,
815 1894 854 1960 cf.
877 1893 1184 1982 Pauly-Wissowa,
1206 1892 1545 1980 Realencyclopaedie

265 2013 290 2058 s.
313 2014 345 2058 u.
375 1991 618 2058 Ariobarzanes
642 1995 672 2074 1)
697 1996 732 2059 et
754 1994 785 2076 2)
809 1993 878 2058 t.H
902 1993 960 2059 col.
984 1993 1050 2058 832
1062 2014 1109 2078 sq.
1162 1993 1267 2079 Atqui
1296 1994 1476 2078 Astyanax
1506 2011 1545 2058 eo

263 2093 413 2177 tempore
444 2111 509 2176 quo
542 2089 583 2155 ad
612 2111 729 2156 cenam
752 2090 843 2156 illam
867 2094 1010 2157 uocatus
1035 2095 1097 2174 est,
1130 2111 1207 2156 oum
1228 2094 1280 2156 ter
1302 2090 1370 2155 iam
1394 2087 1546 2174 Olympia

263 2188 410 2273 uicisset,
442 2209 510 2253 non
541 2187 652 2254 minus
684 2209 785 2273 quam
817 2189 860 2253 32
890 2187 960 2254 iere
992 2210 1099 2254 annos
1130 2190 1232 2254 natus
1262 2187 1393 2254 fuisset.
1442 2187 1546 2272 Atqui

265 2285 408 2352 eundem
440 2285 479 2351 ol.
506 2285 569 2352 116
595 2286 615 2351 i.
640 2307 666 2351 e.
690 2306 779 2351 anno
804 2308 833 2352 a.
858 2286 929 2352 Ghr.
952 2307 984 2352 n.
1008 2286 1073 2352 316
1096 2287 1276 2371 σερίοὸανἽ
1301 2306 1403 2372 quam
1427 2282 1545 2350 Graeci

263 2386 389 2450 uocant
412 2383 532 2450 uicisse
548 2382 790 2450 Eratosthenes
815 2384 920 2450 docet.
959 2384 1043 2468 Ergo
1068 2384 1132 2450 hac
1155 2386 1279 2467 aetate,
1305 2405 1372 2469 qua
1386 2382 1545 2449 uictorias

265 2481 477 2549 difficillimas
501 2482 640 2564 rettulit,
666 2484 708 2548 32
726 2484 767 2565 -Ι-
782 2481 826 2547 46
850 2503 958 2548 annos
989 2485 1091 2548 natus
1121 2481 1155 2548 id
1178 2485 1232 2548 est
1255 2502 1359 2547 senex
1382 2500 1546 2546 annorum

185 2629 192 2646 .
263 2580 331 2645 iere
355 2580 399 2647 78
421 2579 552 2646 fuisset.
599 2578 694 2661 Quod
725 2602 800 2646 cum
833 2581 892 2646 uix
922 2581 968 2646 sit
998 2579 1152 2646 credibile
1176 2600 1253 2645 eum
1276 2579 1544 2660 Ariobarzanem,

264 2678 321 2764 qui
343 2677 488 2764 hospitio
503 2680 748 2766 Astyanactem
764 2679 940 2764 exceperit,
964 2699 1033 2744 non
1047 2677 1154 2744 fuisse
1171 2682 1342 2764 satrapam
1357 2675 1461 2758 illum,
1485 2675 1546 2740 sed

265 2775 408 2842 altcmm
432 2775 608 2861 quendam,
634 2774 674 2842 de
698 2796 763 2862 quo
786 2775 869 2841 nihil
891 2780 1066 2862 praeterea
1089 2776 1234 2841 sciamus
1250 2773 1468 2840 statuendum
1485 2777 1545 2841 est

805 3094 873 3161 VH.
919 3094 1004 3160 VIII.

705 3220 1105 3285 HEPIKEIPOMENH.

638 3383 647 3460 1
662 3380 825 3464 Πολέμων
1039 3379 1145 3463 Δωρίς

690 3503 785 3569 Miles
1014 3503 1169 3587 Ancilla)

295 3647 399 3730 (Hell')
418 3647 475 3712 ‘In'
501 3647 638 3732 ἐμαυτὸν
661 3649 867 3731 ἀποπνίξαιμι
889 3643 933 3734 :iss
958 3648 1047 3729 (Alco)
1070 3647 1116 3731 μὴ
1142 3647 1181 3729 δὴ
1207 3643 1310 3733 [τοῦτό
1335 3643 1382 3733 γε]

274 3773 398 3856 v(lloll
423 3773 501 3837 ἀλλὰ
524 3776 552 3836 τί
574 3770 725 3859 [alciora
748 3773 879 3855 [impis]
903 3778 974 3844 πῶς
996 3770 1193 3860 βιώ[σομαι],

371 4006 402 4051 u.
419 3987 452 4051 1:
474 3986 520 4069 μὴ
542 3986 581 4069 δὴ
599 3982 759 4073 [ταῦτάγε]
777 3983 874 4067 Weil‚
898 3982 1037 4050 Journal
1061 3984 1119 4049 des
1144 3984 1293 4050 Savants
1312 3982 1397 4050 1900
1412 3982 1543 4068 janvier

263 4129 293 4195 p.
308 4107 444 4195 48sqq,
476 4107 603 4175 IItudes
635 4130 693 4174 sur
712 4106 902 4194 I'aniiquite
927 4107 1076 4193 Grccque
1099 4130 1129 4194 p.
1146 4107 1211 4175 276
1220 4129 1291 4194 sqq.
1313 4109 1358 4192 μὴ
1384 4108 1424 4192 δὴ
1451 4104 1542 4196 [pbi-

262 4231 360 4322 ναῳα]
386 4232 528 4298 ediiores
551 4232 745 4316 Britannici,
772 4233 1015 4320 Oxyrhynchus
1039 4232 1162 4319 Papyri
1185 4233 1213 4297 Π
1236 4230 1296 4298 Νο.
1321 4231 1417 4298 ccxl
1441 4235 1480 4318 (p.
1499 4230 1537 4294 ll

265 4361 344 4444 sqq.)
365 4378 396 4443 p.
414 4358 465 4423 15.
511 4380 543 4424 u.
559 4360 592 4424 2:
618 4358 859 4444 suppleuerunt
875 4357 1036 4424 Britanni.

263 4501 477 4514 ——

371 4573 391 4642 ¹l
411 4573 445 4628 oi,
463 4571 523 4627 CIA
541 4572 567 4625 ll
585 4571 629 4638 94,
647 4570 785 4626 Kirchner
803 4571 821 4626 l.
841 4587 863 4626 s.
882 4569 934 4624 No.
949 4568 1016 4624 1621
1036 4570 1047 4623 I
1066 4586 1092 4640 p.
1108 4570 1168 4625 111.

371 4652 391 4721 ⁹)
410 4651 445 4706 cf.
457 4651 556 4722 Pauly,
575 4650 755 4722 Realencycl.
774 4666 795 4705 s.
808 4668 836 4705 u.
854 4645 1034 4720 περισὸονῖκσι
1051 4652 1072 4704 t.
1085 4650 1111 4704 V
1130 4649 1275 4704 αοΙ.1347.
