3442 5130
699 348 923 414 -31—

76 600 81 608 ,
171 533 253 598 dum
273 529 370 597 modo
388 527 584 610 Quintiliani
606 527 837 592 testimonium
856 527 933 593 inst.
958 548 1002 592 or.
1018 526 1103 609 XI3,
1116 527 1157 592 91
1176 526 1453 612 =11p.297,17

172 627 272 695 Halm
307 631 396 694 recte
439 627 706 712 interpretemur:
738 629 826 690 ‘cum
857 624 938 690 mihi
968 623 1118 691 comoedi
1149 644 1280 710 quoque
1311 625 1456 711 pessime

173 729 281 793 iacere
312 725 502 806 uideantur,
534 722 631 810 quod,
669 723 801 788 etiamsi
834 723 991 788 iuuenem
1023 725 1136 804 agant,
1170 743 1245 788 cum
1275 725 1391 788 tamen
1420 722 1456 787 in

174 825 381 913 expositione
406 825 466 889 aut
489 822 577 887 senis
601 841 718 905 sermo,
751 821 847 886 utin
870 819 1017 906 Hydriae
1040 818 1184 905 prologo,
1210 821 1270 885 aut
1300 819 1456 902 mulieris,

173 925 271 989 utin
295 922 433 1004 Georgo,
458 919 583 1003 incidit,
613 917 757 985 tremula
787 917 843 985 uel
874 917 1071 984 effeminata
1102 939 1184 984 uoce
1215 918 1455 1004 pronuntiant?

174 1023 247 1103 Quo
265 1042 308 1087 ex
323 1019 515 1085 testimonio
533 1017 792 1100 adulescentem,
818 1015 875 1102 qui
897 1038 952 1082 uu.
973 1017 1077 1081 1-21
1100 1017 1342 1102 expositionem
1365 1019 1455 1099 agat,

172 1121 209 1184 in
241 1140 282 1184 ea
313 1139 399 1204 quae
435 1115 478 1182 ad
507 1116 596 1182 hanc
636 1117 784 1181 aetatem
819 1135 887 1179 non
921 1114 1075 1200 peruenit
1109 1113 1326 1200 expositionis
1361 1115 1456 1200 parte

173 1217 362 1304 Myrrhinae
393 1214 559 1301 quaedam
589 1213 693 1279 uerba
723 1213 918 1299 repetiuisse
949 1212 1170 1296 cognoscitur3
1204 1232 1313 1298 neque
1343 1213 1457 1297 potest

173 1315 308 1401 reperiri
346 1316 581 1396 argumentum
620 1332 677 1376 cur
716 1310 914 1376 adulescens
951 1309 1044 1374 illam
1076 1330 1145 1374 non
1179 1308 1348 1374 induxerit
1382 1330 1456 1375 sese

175 1413 310 1478 nomine
328 1411 554 1498 adpellantem
570 1413 671 1494 atque
689 1408 777 1494 quod
801 1408 944 1474 amicam
955 1407 1149 1474 uitianisset
1167 1407 1456 1492 uituperantem.²)

173 1509 267 1590 Quae
291 1529 367 1574 cum
388 1509 439 1574 ita
461 1507 539 1592 sint,
563 1508 631 1572 iam
660 1509 867 1590 argumenta,
893 1507 1013 1592 quihus
1036 1504 1197 1572 Dniatzlro
1225 1526 1308 1570 usus
1331 1505 1457 1591 primae

176 1629 262 1694 quae
287 1609 400 1673 exstat
424 1626 567 1672 scaenae
595 1603 737 1670 alteram
767 1603 937 1690 quandam
970 1603 1191 1670 antecessisse
1214 1603 1344 1689 probat,
1378 1623 1457 1668 con·

173 1706 290 1771 cidunt
326 1707 428 1790 atque
464 1704 677 1769 confirmatur
711 1701 856 1768 Udalrici
891 1702 931 1768 de
966 1699 1459 1767 Wilamowitz-Moellendorif

177 1802 355 1884 sententia,
373 1802 430 1886 qui
445 1800 464 1866 l.
482 1823 553 1888 sp.
570 1801 636 1867 530
652 1823 699 1886 sq.
716 1803 750 1866 in
768 1801 914 1886 quinque
929 1798 994 1864 illis
1010 1799 1141 1885 paginis
1158 1820 1244 1885 quae
1260 1800 1457 1885 perieruntq

174 1902 280 1986 ipsius
303 1899 440 1965 fabulae
464 1920 532 1964 non
555 1899 605 1964 ita
628 1898 752 1964 multos
775 1919 894 1964 uersus
918 1897 1058 1982 scriptos
1073 1897 1178 1962 fuisse
1203 1895 1456 1980 demonstrauit,

175 1999 236 2064 sed
259 1998 366 2063 uitam
388 1996 571 2079 Menandri,
596 1996 799 2083 hypothesin
823 2017 924 2082 quam
948 1993 1072 2076 dicunt,
1096 1993 1339 2080 prolegomena.

285 2095 351 2161 Sed
380 2116 558 2181 pergamus
590 2093 632 2160 ad
656 2116 687 2160 u.
704 2094 744 2159 31
770 2092 995 2178 tractandum,
1024 2093 1060 2157 in
1084 2114 1148 2179 quo
1174 2113 1274 2158 uersu
1296 2092 1362 2158 hae
1386 2112 1458 2157 ser-

171 2195 301 2260 uantur
323 2193 456 2259 litterae

373 2307 826 2374 ΤΟΣΟῩΤΟῩΣΚΑΤΑΤ.
851 2360 857 2372 .
882 2360 888 2372 .
914 2359 920 2372 .
944 2308 1274 2373 ΠΡΟΣΕΡΧΕΤΑΙ

176 2436 262 2501 quas
278 2412 392 2479 Nicole
410 2413 579 2499 suppleuit
603 2411 738 2502 [χύλους]
755 2417 926 2486 τοσούτους
941 2412 1135 2504 κατοτ[ίύου]
1159 2436 1227 2480 non
1243 2434 1459 2496 magnacum

177 2514 248 2578 ueri
272 2510 497 2578 similitudine.
536 2512 651 2598 Neque
676 2513 766 2577 enim
781 2515 870 2596 χόλου
885 2511 1022 2599 pluralis
1037 2533 1197 2577 numerus
1213 2533 1271 2597 pro
1288 2510 1458 2593 singulari,

174 2611 226 2675 ita
249 2612 288 2676 ut
311 2608 400 2675 idem
422 2610 467 2675 sit
491 2611 593 2695 atque
609 2609 679 2675 ‘ira’
696 2611 827 2696 positus
843 2632 986 2697 usquam
1003 2610 1151 2676 occurrit.
1186 2609 1301 2695 Neque
1319 2607 1458 2698 [ὅρκους]

175 2710 349 2780 τοσούτους
371 2705 578 2797 κοτοτ[εμών]
611 2708 699 2794 quod
723 2707 882 2774 Dziatzko
912 2708 1094 2794 proposuit,
1126 2707 1193 2773 ullo
1224 2711 1337 2795 potest
1367 2729 1458 2774 com·

178 2805 311 2892 probari
334 2805 494 2893 exemplo.
542 2806 637 2887 Quod
659 2827 739 2872 vero
763 2827 832 2872 van
855 2805 1024 2872 Leeuwen
1047 2805 1179 2893 scripsit

426 2919 464 3010 [τί
486 2920 548 3010 δαὶ]
572 2925 743 2994 τοσούτους
767 2918 973 3011 κοτατ[εμὼν]
997 2925 1204 3007 προσέρχεται

427 3016 585 3109 [θαλλοὺς]
611 3022 629 3085 ὁ
652 3023 809 3103 θεράπων
834 3041 860 3085 e.
884 3040 912 3105 q.
937 3041 963 3085 S.

176 3155 315 3200 curnam
333 3133 512 3220 Myrrhina,
538 3156 614 3201 cum
633 3135 788 3202 mulieres
813 3135 1038 3202 adulescentis
1054 3137 1191 3223 nuptias
1214 3137 1369 3202 adornari
1390 3156 1459 3202 non

178 3233 331 3298 nesciant
355 3232 403 3313 (ci.
420 3255 451 3298 u.
467 3231 531 3315 29),
557 3234 690 3299 omnino
714 3235 764 3300 ita
779 3235 970 3318 interroget,
995 3255 1064 3300 non
1080 3233 1186 3300 uideo.
1221 3234 1327 3300 Multo
1344 3238 1459 3300 autem

178 3329 276 3396 aliter
306 3333 408 3415 atque
439 3330 474 3396 hi
504 3330 568 3396 uiri
598 3330 686 3396 docti
708 3331 798 3398 hunc
820 3331 931 3398 locum
954 3353 1074 3398 sanare
1099 3336 1241 3399 conatus
1265 3336 1318 3400 est
1340 3331 1460 3399 Kaibel

179 3449 209 3514 p.
233 3427 435 3494 1541116
467 3450 544 3494 cum
573 3431 650 3514 post
683 3429 964 3496 ΤΟΣΟΥΤΟῩΣ
990 3451 1207 3516 personarum
1238 3433 1460 3497 mutationem

178 3526 282 3590 luisse
307 3526 429 3592 statuit
452 3529 487 3592 ct
510 3526 641 3612 scripsit

356 3637 543 3730 [dypqolror.
572 3642 669 3728 (Mys)
695 3639 825 3731 οὗτ<ο>ς
848 3646 928 3709 κατὰ
951 3642 1070 3735 τ[ύχην]
1093 3650 1300 3730 προσέρχεται

176 3753 245 3821 hac
274 3777 356 3820 usus
389 3758 693 3840 argumentatione:
725 3758 788 3823 ‘Da
819 3759 998 3825 aulierdem
1029 3783 1070 3825 zu
1093 3764 1264 3835 τοσούτους
1287 3761 1358 3827 sich
1380 3761 1461 3826 kein

176 3853 364 3941 passendes
376 3855 506 3921 Nomen
521 3854 655 3922 denken
670 3855 749 3941 leot,
775 3857 862 3922 auch
877 3857 971 3923 nicht
986 3858 1178 3924 ahzusehcn
1193 3860 1247 3942 ist,
1273 3859 1337 3926 wie
1354 3858 1461 3925 dieser

179 3950 375 4018 Ahkusativ
405 3974 446 4017 zu
477 3962 588 4038 γαμεῖν
618 3954 653 4018 in
676 3954 867 4038 Beziehung
897 3977 938 4020 zu
962 3959 1078 4022 setzen
1100 3963 1201 4041 ware,
1234 3978 1271 4023 so
1295 3956 1383 4022 habe
1406 3957 1460 4022 ich

179 4050 348 4133 versucht,
374 4048 412 4116 V.
429 4050 469 4116 31
496 4051 551 4116 ein
566 4050 725 4137 Adjektiv
749 4052 808 4117 auf
823 4079 928 4125 -τος
952 4075 993 4118 zu
1009 4060 1183 4137 erganzen,
1209 4076 1332 4121 wovon
1349 4063 1460 4140 γαμεῖν

178 4146 334 4229 abhinge.
379 4148 452 4214 Ans
483 4149 559 4214 dem
588 4150 685 4232 iibrig
716 4148 916 4217 bleibenden
944 4152 1133 4218 ΟΥΤΟῩΣ
1158 4174 1230 4219 war
1252 4154 1343 4219 dann
1366 4153 1460 4225 οὗτος

177 4265 222 4308 nu
247 4244 388 4310 machen
412 4246 481 4312 und
496 4248 558 4312 mit
574 4247 648 4312 dem
664 4246 840 4330 folgenden
857 4269 898 4312 zu
912 4249 1109 4316 verbinden:
1135 4251 1323 4346 οὗτος-κατὰ
1339 4248 1458 4341 τ[ύχην1

288 4423 307 4492 ²)
328 4422 460 4477 Similiter
475 4423 529 4477 hac
548 4423 583 4477 de
601 4440 631 4478 re
643 4424 781 4479 iudicauit
793 4425 908 4480 Carolus
923 4427 1053 4496 Schenkl,
1072 4427 1264 4483 ‘Jahresheite
1277 4429 1326 4484 des
1340 4429 1459 4483 Oesterr.

176 4502 319 4557 archaeol.
333 4501 495 4557 Instituts’l
510 4503 579 4558 1898
591 4521 617 4574 p.
628 4503 663 4558 50
676 4505 723 4575 qui
736 4505 850 4576 reliqua,
872 4523 935 4561 eum
948 4507 1147 4563 Britannorum
1166 4509 1318 4563 editionem
1336 4508 1460 4562 nondum

178 4581 316 4648 uouisset,
335 4599 393 4636 non
411 4583 506 4653 potuit
522 4586 598 4638 recte
617 4585 771 4639 absoluere.

288 4663 308 4732 ²)
327 4663 360 4716 In
370 4667 467 4718 cartae
476 4663 551 4719 enim
563 4664 672 4734 paginis
681 4665 789 4720 numeri
800 4683 814 4722 ς
827 4670 856 4721 et
866 4666 882 4729 ζ
891 4669 987 4739 scripti
1000 4671 1075 4724 sunt.
1089 4669 1125 4724 cl.
1136 4669 1334 4724 Britannorum
1344 4670 1386 4724 ed.
1397 4687 1423 4740 p.
1434 4667 1459 4727 6.
