3448 5134
726 411 950 478 -91-

302 590 430 658 Deinde
458 613 489 657 u.
510 590 551 656 10
581 588 726 657 editores
757 590 998 677 suppleuerunt
1027 591 1153 674 11ῑό1111
1175 590 1290 674 παρῆν]
1324 610 1477 655 111111

195 689 317 757 similia
338 689 542 758 Herwerden
567 711 606 756 ac
628 689 800 771 Dniatzko,
826 688 910 754 satis
934 687 1085 770 obscure;
1108 709 1188 753 nam
1211 708 1277 773 quo
1301 686 1399 753 modo
1421 686 1477 753 ille

197 788 357 876 Glycerae
381 788 518 854 fratrem
542 785 734 871 cognouerit
768 807 836 852 non
866 785 964 852 uideo
997 785 1046 868 (cf.
1068 784 1171 852 Weil:
1199 789 1371 850 ‘tournure
1401 785 1479 870 plus

198 887 423 973 qu’obscure').
470 884 536 952 Sed
553 884 616 950 dici
632 887 789 971 expectes
805 883 899 949 illum
914 883 1052 950 fratrem
1068 883 1182 949 militis
1200 883 1288 949 domi
1305 885 1478 948 uersatum

198 983 274 1051 esse*
306 983 501 1066 inuitatum,
536 983 680 1069 hospitio
715 985 897 1068 receptum,
933 975 1062 1048 similia.
1119 981 1237 1067 ltaque
1272 981 1477 1065 1111εὸ11111,

197 1082 285 1169 quod
308 1081 536 1148 Wilamowitz
559 1080 698 1166 scripsit,
729 1081 946 1166 probaremus
977 1080 1006 1145 si
1029 1078 1133 1145 ullum
1157 1079 1356 1145 comicorum
1379 1078 1479 1147 testi-

197 1181 346 1247 monium
376 1178 536 1262 indagare
567 1200 752 1266 possemus.
797 1177 931 1244 Henrici
954 1177 1043 1244 Weil
1070 1177 1340 1264 supplementum
1363 1178 1478 1242 autem

198 1280 330 1363 dde'yed’
346 1281 366 1363 ἦ
383 1279 476 1363 κόρη]
508 1279 664 1364 proptera
693 1276 856 1362 displicet,
892 1276 972 1362 quia
1001 1276 1102 1342 huius
1132 1274 1226 1340 uerbi
1248 1273 1480 1360 imperfectum

197 1379 330 1462 tempus
353 1377 464 1442 minus
481 1375 567 1441 bene
584 1373 737 1461 quadrat.
772 1373 838 1440 Sed
858 1373 970 1460 paullo
985 1372 1117 1457 longius
1132 1375 1325 1458 repetamus
1340 1393 1479 1438 necesse

199 1477 258 1541 est.
297 1473 414 1540 Frater
428 1472 483 1538 1111
500 1471 671 1560 Glycerae,
687 1472 824 1538 Pataeci
841 1473 898 1560 qui
912 1471 1001 1537 infra
1019 1470 1188 1537 inducitur
1209 1469 1310 1554 filius,
1335 1470 1430 1536 nisif
1455 1470 1481 1536 ’1

199 1575 339 1655 amator,
365 1592 422 1637 cur
446 1572 579 1637 omnino
604 1592 640 1637 se
665 1569 807 1636 contulit
830 1569 873 1635 ad
895 1570 1010 1636 illam?
1045 1569 1172 1656 Nempe
1195 1568 1290 1635 nulla
1313 1566 1353 1634 de
1378 1588 1482 1634 causa

197 1671 263 1737 nisi
286 1691 388 1757 quam
410 1669 570 1739 Dniatzko
594 1668 614 1734 l.
635 1691 660 1734 s.
676 1691 706 1756 p.
726 1667 788 1735 129
813 1669 964 1751 agnouit:
998 1664 1099 1734 Pater
1121 1668 1192 1754 ipsc
1217 1687 1294 1732 eum
1316 1665 1417 1748 misit,
1442 1667 1481 1730 ut

200 1768 240 1835 de
262 1767 335 1834 iilia
359 1768 436 1834 olim
460 1768 586 1833 amissa
621 1766 678 1833 uel
712 1767 866 1852 exposita
900 1764 1026 1851 aliquid
1060 1765 1248 1852 exquireret
1278 1784 1296 1829 e
1328 1761 1478 1850 Glycera,
1583 1769 1588 1780 ‘

199 1888 301 1953 quam
337 1887 379 1931 ex
414 1865 532 1932 eadem
564 1865 646 1931 urbe
681 1864 738 1930 ubi
771 1863 829 1930 illa
863 1865 959 1950 quasi
1001 1864 1187 1929 111111111
1222 1864 1354 1946 captam
1386 1860 1481 1926 miles

200 1963 396 2031 abduxerat.
442 1965 563 2030 Restat
585 1966 701 2030 tamen
723 1983 794 2028 una
817 1960 1009 2027 difficultas.
1054 1959 1189 2026 Polemo
1213 1959 1351 2025 Pataeci
1372 1957 1481 2024 filium

199 2062 374 2129 moechum
398 2083 472 2127 esse
496 2061 554 2126 uix
570 2064 704 2148 poterat
733 2063 804 2125 tam
829 2057 1327 2144 celeritersibipersuadere,1)
1358 2057 1424 2122 nisi
1446 2058 1482 2122 in

200 2159 430 2246 conloquendo
454 2161 513 2242 ita,
545 2162 584 2224 ut
614 2158 739 2244 aliquid
771 2157 968 2245 suspicionis
992 2160 1193 2235 moueretur,
1223 2176 1297 2221 sese
1321 2155 1483 2238 gerebant

200 2263 235 2325 ct
252 2257 394 2345 Glycera
418 2262 453 2324 11
478 2257 543 2340 ille,
569 2258 640 2323 siue
657 2257 937 2343 amplexabantur
960 2254 1032 2321 siue
1056 2253 1296 2320 osculabantur
1320 2253 1391 2318 siue
1416 2253 1483 2318 alia

200 2353 287 2444 quae
323 2359 404 2422 sunt
437 2356 538 2422 huius
570 2355 699 2439 generis
722 2354 910 2422 faciebant:
945 2353 985 2420 cf.
1007 2353 1117 2420 Plaut.
1141 2352 1205 2416 Mil.
1230 2349 1316 2417 Glor.
1337 2351 1399 2418 175
1412 2372 1482 2437 sqq.

201 2455 266 2522 288
279 2476 348 2540 sqq.
403 2453 474 2534 Quo
509 2457 706 2538 argumento
740 2453 794 2519 usi
827 2452 971 2519 forsitan
1005 2451 1130 2538 optimo
1164 2450 1236 2514 iure
1271 2447 1481 2515 scribendum

201 2574 275 2619 esse
299 2553 513 2619 arbritremur

1016 2649 1123 2732 11111111
1147 2646 1173 2711 δ’
1191 2649 1210 2730 ἡ
1226 2645 1320 2730 κόρη]

362 2751 510 2833 ἀδελφόν,
524 2750 595 2833 οὐχὶ
605 2749 728 2833 μοιχόν.
753 2747 791 2812 ci.
803 2745 890 2812 Men.
906 2745 944 2812 fr.
961 2746 1026 2812 536
1042 2745 1081 2811 K.
1094 2743 1176 2811 OAN
1186 2743 1232 2809 III
1246 2764 1277 2829 p.
1290 2744 1352 2809 159
1363 2765 1393 2808 u.
1404 2743 1425 2807 9
1435 2763 1482 2828 sq.

818 2846 884 2927 ἐγὼ
908 2845 934 2909 δ’
959 2847 1045 2918 ἅπαξ

362 2946 529 3029 ἁψάμενός
552 2949 614 3029 εἰμι
636 2947 690 3009 καὶ
713 2946 848 3029 φιλήσας
871 2945 904 3008 ἓν
926 2945 1043 3027 βυθῶι.

202 3045 241 3112 cf.
257 3042 370 3110 111111.
386 3042 424 3108 fr.
444 3042 459 3106 l
485 3041 524 3108 K.
541 3041 652 3108 OAFI
674 3065 705 3129 p.
722 3043 796 3108 781.

362 3144 505 3226 λαβοῦσα
528 3147 592 3205 τῶν
615 3144 710 3206 ὤτων
734 3142 869 3224 φίλησον
891 3141 947 3223 τὴν
970 3140 1099 3221 χύτραν.

204 3241 380 3322 Quaeritur
413 3259 503 3304 nunc
537 3258 618 3303 num
648 3239 716 3303 iam
747 3242 820 3304 tum
856 3257 1001 3304 sororem
1031 3234 1136 3301 irater
1159 3234 1342 3316 agnouerit.
1389 3231 1485 3312 Quod

202 3339 330 3405 iactum
345 3358 414 3403 non
438 3358 511 3403 esse
527 3334 711 3418 intelleges
737 3339 812 3401 c'um
827 3334 913 3401 haec
929 3333 1177 3401 deliberaueris:
1202 3330 1342 3412 Glycera
1358 3329 1485 3416 capillis

204 3437 323 3503 orbata
345 3434 433 3518 fugit
447 3434 585 3501 Pataeci
607 3433 709 3498 uicini
733 3434 880 3516 domum3
905 3433 993 3499 unde
1016 3434 1136 3518 postea
1152 3451 1227 3497 cum
1249 3431 1321 3515 ipso
1337 3428 1393 3495 1111
1416 3428 1486 3495 filia

203 3533 374 3616 recognita
403 3532 590 3598 reuertitur.
636 3531 752 3616 Neque
785 3530 922 3597 dubium
946 3533 1007 3615 est,
1040 3529 1121 3616 quin
1151 3529 1186 3593 in
1211 3527 1319 3614 capite
1344 3527 1484 3593 detonso

203 3635 300 3718 pater
323 3630 473 3697 cicatrice
506 3629 652 3716 quadam
675 3629 730 3694 uel
753 3633 836 3695 nota
866 3629 1025 3712 genetiua
1049 3628 1228 3713 conspecta
1250 3625 1357 3691 filiam
1381 3645 1484 3706 agno-

203 3729 300 3811 uerit,
335 3730 414 3815 quia
437 3728 533 3794 aliter
568 3749 626 3794 cur
656 3730 758 3812 poeta
788 3725 870 3791 illud
899 3729 1084 3809 περικείρειν
1113 3725 1202 3790 tanti
1233 3724 1420 3789 aestimarit
1446 3724 1486 3787 ut

203 3828 282 3894 inde
307 3827 496 3893 comoediae
513 3847 636 3892 nomen
659 3823 816 3906 traheret,
842 3845 910 3890 non
925 3825 1128 3910 perspicitur.
1175 3820 1322 3904 Accedit,
1346 3820 1380 3886 id
1396 3817 1485 3905 quod

205 3929 259 3992 est
281 3924 526 4008 grauissimum,
551 3923 640 4010 quod
662 3944 694 3990 u.
709 3922 754 3988 46
767 3943 814 4008 sq.

249 4155 251 4161 ’
313 4157 332 4225 ²)
353 4155 434 4224 Quod
442 4155 544 4220 Kauer,
557 4154 672 4210 Wiener
685 4153 803 4208 Studien
821 4151 864 4218 26,
880 4152 981 4217 19012
1000 4169 1027 4223 p.
1039 4151 1094 4206 208
1111 4151 1192 4205 dicit:
1211 4149 1270 4206 ‘leh
1289 4151 1366 4205 kann
1383 4149 1487 4220 iedoch

204 4237 285 4292 nicht
313 4234 481 4301 annehmen,
510 4235 566 4289 dall
584 4234 618 4291 N.
637 4234 684 4290 bei
711 4234 817 4288 diesem
834 4233 946 4288 Besuch
976 4249 1033 4287 von
1051 4231 1168 4306 Polemo
1193 4230 1359 4286 irberrascht
1382 4229 1486 4285 11111111.

205 4318 287 4372 Denn
314 4316 343 4371 in
375 4316 479 4370 diesem
497 4315 575 4369 Folle
594 4353 736 4370 ......
756 4315 850 4368 waren
879 4329 908 4367 er
934 4313 992 4367 und
1011 4312 1045 4368 N.
1064 4312 1238 4367 aneinandcr
1264 4317 1390 4380 goraten.
1427 4309 1487 4364 Das

205 4395 381 4468 griechische
400 4396 504 4450 Gesetn
532 4394 588 4464 gab
608 4394 671 4449 dem
690 4394 856 4449 Ehemanne
883 4394 934 4448 das
953 4393 1055 4458 Recht,
1084 4408 1166 4447 wenn
1186 4407 1215 4446 er
1239 4391 1318 4445 scine
1336 4391 1410 4444 Fran
1434 4389 1488 4443 mit

206 4479 298 4534 einem
316 4476 477 4530 Liebhaber
495 4475 525 4529 in
543 4474 680 4543 flagranti
700 4476 838 4545 ertappte‚
864 4472 945 4528 beidc
964 4489 1000 4526 11
1018 4474 1108 4527 triten.
1144 4471 1261 4527 Polemo
1280 4471 1318 4525 ist
1336 4468 1487 4538 allerdiugs

205 4558 287 4613 nicht
305 4557 356 4611 mit
368 4556 490 4627 Glykera
508 4554 690 4620 verheiratct,
709 4555 778 4609 aber
791 4552 883 4608 sicher
900 4553 939 4608 ist
949 4569 989 4618 es,
1010 4553 1066 4607 dass
1085 4569 1115 4606 er
1125 4551 1158 4606 N.
1177 4550 1258 4606 nicht
1277 4547 1391 4605 einfach
1404 4547 1487 4604 hatte

206 4637 363 4708 weggehen
391 4633 494 4690 lassen'
530 4637 729 4705 argumentum
757 4650 814 4689 non
841 4633 969 4703 protulit.
1017 4632 1116 4704 Neque
1143 4631 1217 4686 enim
1244 4646 1293 4685 cur
1320 4629 1487 4685 adulescens

205 4719 389 4773 Polemonem
408 4716 534 4787 effugere
552 4732 610 4771 non
628 4715 755 4786 potuerit
772 4715 863 4769 uideo.
