3442 5130
776 361 999 429 ..6οψ

249 545 360 630 Atque
390 544 425 608 in
455 541 507 607 his
531 542 699 608 Leonidae
731 543 765 606 et
787 540 944 606 Nicandri
974 538 1055 606 locis
1079 537 1210 626 syllaba
1237 542 1315 623 ἀχρ-
1334 540 1448 604 utrum
1471 559 1531 625 per
1608 523 1611 530 ¹
1704 495 1705 510 .

248 663 285 708 se
310 663 353 708 an
376 640 540 727 positione
564 639 766 726 producatur
782 659 990 724 quaeramus.
1037 637 1144 717 Quam
1169 635 1336 723 syllabam
1359 636 1387 702 si
1411 656 1468 722 per
1491 657 1529 702 se

247 739 349 822 longa
373 741 464 804 esset
487 738 530 804 ab
555 738 714 823 antiquae
739 739 774 802 et
795 736 926 802 mediae
954 733 1144 802 comoediae
1167 735 1276 819 poetis
1299 737 1485 819 correptam
1507 755 1530 800 a

247 837 487 902 recentioribus
524 835 719 922 productam
743 856 817 900 esse
848 836 1089 916 statueremus
1128 831 1161 898 id
1188 830 1277 916 quod
1299 852 1358 918 per
1387 853 1429 897 se
1459 832 1531 898 fieri

248 935 397 1022 potuisse
420 954 518 1000 nemo
543 936 596 998 est
619 932 675 1019 qui
697 935 798 1015 neget
821 929 1140 998 cf.Ki1hner-Blass
1162 928 1182 995 l.
1198 929 1254 994 el
1276 950 1306 1014 p.
1323 929 1436 1012 307,5.
1483 929 1529 994 At

247 1053 324 1099 cum
348 1031 437 1118 apud
461 1034 640 1116 utrumque
663 1032 798 1116 poetam
826 1050 894 1094 uox
916 1031 1019 1113 ἀχράς
1041 1028 1092 1094 ita
1114 1026 1324 1110 adhibeatur,
1361 1029 1400 1092 ut
1422 1027 1530 1113 prima

248 1129 381 1218 syllaba
402 1130 438 1194 in
468 1129 555 1194 thesi
586 1149 687 1214 quam
718 1127 889 1194 uocabant
919 1130 1053 1192 ueteres
1076 1127 1231 1212 ponatur,
1264 1125 1430 1210 positione
1454 1144 1530 1190 eam

248 1227 384 1315 produci
399 1227 505 1293 multo
523 1229 576 1292 est
590 1227 663 1292 ueri
675 1225 814 1291 similius
826 1226 1023 1312 praesertim
1039 1244 1114 1290 cum
1130 1223 1370 1309 correptionem
1381 1223 1529 1288 Atticam

249 1327 420 1410 uterque¹)
451 1323 635 1407 neglexerit
664 1324 866 1409 plerumque.
912 1322 1041 1388 Dixerit
1071 1322 1172 1404 igitur
1193 1321 1339 1386 fortasse
1363 1318 1529 1405 quispiam

248 1423 479 1507 Menandrum,
512 1443 586 1489 cum
618 1423 768 1487 seruaret
798 1421 886 1486 hanc
918 1420 1166 1506 correptionem,
1197 1419 1338 1504 primam
1362 1416 1529 1504 syllabam

249 1523 342 1588 uocis
369 1523 513 1606 ἀχράδας
543 1519 723 1607 producere
754 1540 822 1584 non
853 1519 1011 1604 potuisse.
1056 1519 1103 1583 At
1125 1536 1194 1581 non
1225 1535 1299 1581 raro
1323 1515 1388 1602 ipsi
1409 1515 1530 1600 tragici

248 1621 368 1706 poetae
400 1617 534 1685 uocales
564 1607 622 1704 p'er
645 1637 681 1682 se
704 1617 833 1699 breues,
867 1637 951 1703 quas
974 1618 1070 1680 muta
1103 1636 1178 1680 cum
1200 1611 1327 1700 liquida
1351 1613 1529 1678 coniuncta

250 1719 453 1804 sequeretur,
482 1715 710 1803 produxerunt
733 1715 772 1781 cf.
789 1713 1052 1780 Kiihner-Blass
1075 1711 1171 1779 l.s.1
1194 1733 1224 1798 p.
1241 1710 1316 1793 306,
1327 1709 1357 1776 4.
1411 1711 1528 1795 Itaque

250 1816 329 1902 quin
353 1813 536 1880 Menander
560 1833 690 1900 quoque
713 1812 881 1879 interdum
904 1810 1143 1896 correptionem
1163 1809 1312 1874 Atticam
1335 1806 1528 1890 neglexerit,

248 1933 453 1999 quamquam
469 1910 559 1997 apud
581 1911 691 1997 ipsum
707 1909 817 1976 adhuc
832 1909 985 1994 exempla
1000 1928 1069 1973 non
1084 1907 1291 1993 reppererim,
1316 1926 1385 1972 non
1401 1905 1527 1971 dubito.

249 2011 297 2076 Ac
320 2012 409 2076 certe
432 2010 496 2075 hoc
510 2007 624 2074 malim
640 2011 789 2074 statuere
805 2028 907 2094 quam
918 2006 1129 2072 Theodorum
1140 2004 1235 2070 Kock
1251 2005 1388 2070 secutus
1411 2023 1529 2068 uocem

248 2108 407 2174 traditam
444 2110 576 2172 mutare
614 2107 649 2171 in
687 2105 829 2171 alteram
867 2125 969 2190 quam
1002 2124 1045 2170 ne
1080 2102 1159 2189 quid
1194 2103 1362 2186 significet
1395 2099 1529 2186 quidem

249 2207 361 2272 sciam.
404 2204 520 2291 Neque
536 2203 590 2269 ille
607 2204 751 2288 ἀχράδας
774 2223 876 2268 sensu
899 2222 1008 2268 carere
1026 2201 1254 2268 contendisset
1269 2199 1334 2265 nisi
1349 2198 1369 2265 l.
1383 2221 1407 2266 s.
1420 2220 1450 2285 p.
1463 2199 1529 2264 588

250 2301 510 2368 ‘umberfirhren’
535 2304 570 2366 et
592 2300 853 2367 ‘herumfdhren’
877 2301 965 2365 iuter
988 2320 1024 2365 se
1041 2298 1254 2365 contudisset.
1300 2297 1388 2364 Nam
1411 2317 1530 2362 uocem

247 2403 465 2486 περιηχεῖσθαι
491 2403 581 2465 recte
604 2399 844 2484 interpretatus
858 2400 910 2462 est
926 2400 1117 2483 comparato
1130 2394 1292 2462 Herodoti
1306 2395 1378 2461 loco
1391 2393 1452 2459 VH
1463 2394 1530 2460 214

250 2502 280 2564 οῖ
301 2537 346 2546 -
363 2501 632 2583 περιηγησάμενοι
652 2497 689 2562 τὸ
713 2496 810 2580 οὖρος
825 2497 1064 2580 τοῖςΠέρσηιαι,
1090 2515 1189 2581 quem
1210 2493 1321 2559 locum
1344 2493 1392 2559 sic
1413 2493 1528 2558 uertit:

248 2595 323 2678 ‘die,
346 2595 474 2662 welche
498 2595 550 2661 die
573 2595 770 2660 Persarum
794 2593 858 2659 den
881 2593 966 2676 Berg
989 2593 1132 2676 gefiihrt,
1155 2592 1260 2658 ibnen
1283 2590 1344 2657 den
1363 2589 1449 2673 ch
1471 2611 1528 2654 um

249 2692 315 2758 deu
338 2693 423 2776 Berg
446 2692 574 2776 gencigt
596 2693 735 2757 hatten’.
774 2689 891 2778 Neque
914 2693 1048 2757 omnino
1064 2689 1278 2773 intellegitur,
1303 2709 1360 2754 cur
1382 2709 1450 2754 non
1465 2688 1529 2753 hoc

249 2812 381 2876 quoque
404 2791 476 2856 loco
500 2791 642 2855 uerbum
663 2792 882 2875 περιηχεῖσθαι
905 2810 981 2856 cum
997 2790 1141 2873 ἀχράδας
1157 2789 1371 2854 coniunctum
1387 2784 1529 2852 candem

249 2887 373 2954 habere
396 2888 503 2972 possit
519 2887 802 2970 significationem.
850 2887 942 2968 Quae
959 2908 1035 2952 cum
1056 2887 1105 2952 ita
1128 2886 1198 2951 sint
1211 2883 1386 2951 Menandri
1408 2905 1528 2950 uersus

249 2987 297 3052 sic
319 2985 562 3072 interpretandi
584 2987 677 3050 suut:
709 2988 809 3050 ‘nuno
840 2987 1020 3050 uenatorcs
1052 2983 1111 3069 qui
1139 3004 1181 3048 ex
1203 2983 1286 3049 urbe
1317 2981 1529 3048 aduencrunt

251 3083 371 3149 ducam
402 3083 523 3150 circum
553 3082 641 3168 piros
673 3081 864 3148 siluestres?
910 3084 960 3150 Ac
994 3102 1070 3148 cum
1100 3083 1167 3147 ruri
1198 3101 1322 3147 scaena
1353 3080 1463 3162 fuerit,
1494 3077 1528 3144 id

249 3179 338 3266 quod
361 3181 436 3266 ipsa
465 3201 518 3246 res
550 3180 656 3264 docet,
686 3179 726 3246 de
757 3180 836 3266 piris
865 3201 1005 3265 quarum
1033 3179 1096 3245 hoc
1124 3180 1310 3263 fragmento
1342 3177 1467 3244 mentio
1490 3177 1529 3242 fit

249 3281 353 3343 antea
384 3277 509 3343 dictum
539 3278 644 3343 fuisse
674 3277 809 3343 uidetur
838 3278 888 3343 ita
917 3280 957 3343 ut
988 3279 1204 3364 spectatores
1240 3297 1388 3361 quanam
1419 3275 1459 3341 de
1492 3294 1528 3340 ro

250 3378 415 3458 ageretur,
439 3396 508 3441 non
531 3376 732 3459 ignorarent,
765 3374 824 3441 sed
855 3375 971 3441 statim
995 3396 1071 3441 eum
1099 3375 1156 3461 qui
1179 3374 1325 3461 loquitur
1350 3375 1527 3440 uenatores

252 3472 428 3538 ducturum
454 3493 529 3539 esse
551 3474 675 3539 scirent
698 3474 819 3539 semita
834 3494 933 3539 usum
949 3493 1035 3558 quae
1059 3473 1181 3539 circum
1203 3473 1292 3558 piros
1319 3470 1394 3536 illas
1417 3471 1528 3536 ferret.

869 3721 900 3786 V

653 3846 700 3929 ur.
716 3847 782 3913 aar
805 3845 844 3912 x.
861 3844 942 3911 oar
964 3846 1008 3910 111
1030 3866 1059 3931 p.
1077 3845 1139 3927 ca).

740 3953 888 4018 erran
902 3953 1054 4018 reor.

462 4079 589 4148 πολλοῖς
611 4079 800 4160 ὗπέκκαυμ’
825 4079 885 4141 ἔστ’
903 4079 1023 4161 ἔρωτος
1045 4077 1184 4160 μουσικὴ

465 4172 644 4262 [πονηρόν].

357 4289 410 4355 Ad
433 4289 654 4376 supplendum
676 4287 851 4355 Menandri
873 4289 909 4355 fr.
926 4290 990 4355 237
1014 4287 1053 4354 K.
1070 4288 1152 4354 CAN
1174 4289 1219 4354 III
1241 4310 1271 4375 p.
1288 4287 1331 4354 68

462 4390 590 4460 πολλοῖς
613 4390 793 4471 ὑπέκκαυμ’
811 4390 871 4451 ἔστ’
888 4391 1008 4472 ἔρωτος
1030 4390 1179 4471 μουσική,

250 4486 338 4572 quod
375 4485 603 4568 fragmentum
641 4484 801 4552 traditum
836 4487 889 4550 est
924 4484 1014 4550 Stob.
1043 4483 1125 4550 Nlor.
1153 4484 1277 4568 6118,
1317 4482 1435 4549 Nauck
1457 4481 1477 4549 l.
1502 4503 1529 4550 S.

357 4664 375 4733 ¹)
396 4663 431 4718 de
448 4661 589 4718 Nicandro
609 4661 645 4717 cf.
665 4661 697 4716 G.
716 4661 867 4727 Hermann,
887 4661 1007 4732 Orphica
1025 4679 1051 4732 p.
1070 4660 1132 4716 760.
