<?xml version="1.0" encoding="UTF-8"?>
<!DOCTYPE html PUBLIC "-//W3C//DTD XHTML 1.0 Transitional//EN"
    "http://www.w3.org/TR/xhtml1/DTD/xhtml1-transitional.dtd">
<html xmlns="http://www.w3.org/1999/xhtml" xml:lang="en" lang="en">
 <head>
  <title>
</title>
<meta http-equiv="Content-Type" content="text/html;charset=utf-8" />
  <meta name='ocr-system' content='tesseract 3.04.00' />
  <meta name='ocr-capabilities' content='ocr_page ocr_carea ocr_par ocr_line ocrx_word'/>
</head>
<body>
  <div class='ocr_page' id='page_1' title='image "./demenandrireliq00kretgoog_0035.png"; bbox 0 0 3442 5130; ppageno 0'>
   <div class='ocr_carea' id='block_1_1' title="bbox 805 334 1027 400">
    <p class='ocr_par' dir='ltr' id='par_1_1' title="bbox 805 334 1027 400">
     <span class='ocr_line' id='line_1_1' title="bbox 805 334 1027 400; baseline 0.009 -20"><span class='ocrx_word' id='word_1_1' title='bbox 805 334 1027 400; x_wconf 68' lang='lat'>..30-</span> 
     </span>
    </p>
   </div>
   <div class='ocr_carea' id='block_1_2' title="bbox 171 509 1641 598">
    <p class='ocr_par' dir='ltr' id='par_1_2' title="bbox 171 509 1641 598">
     <span class='ocr_line' id='line_1_2' title="bbox 171 509 1641 598; baseline -0.003 -17"><span class='ocrx_word' id='word_1_2' title='bbox 171 547 177 558; x_wconf 78' lang='lat'><strong>·</strong></span> <span class='ocrx_word' id='word_1_3' title='bbox 274 514 397 581; x_wconf 86' lang='lat' dir='ltr'><strong>collato</strong></span> <span class='ocrx_word' id='word_1_4' title='bbox 414 511 574 579; x_wconf 85' lang='lat' dir='ltr'><strong>Dziatzko</strong></span> <span class='ocrx_word' id='word_1_5' title='bbox 591 511 611 578; x_wconf 90' lang='lat' dir='ltr'><strong>l.</strong></span> <span class='ocrx_word' id='word_1_6' title='bbox 628 533 652 578; x_wconf 91' lang='lat' dir='ltr'><strong>s.</strong></span> <span class='ocrx_word' id='word_1_7' title='bbox 675 534 705 598; x_wconf 93' lang='lat' dir='ltr'><strong>p.</strong></span> <span class='ocrx_word' id='word_1_8' title='bbox 723 512 787 577; x_wconf 82' lang='lat'><strong>505</strong></span> <span class='ocrx_word' id='word_1_9' title='bbox 804 532 851 596; x_wconf 89' lang='lat' dir='ltr'><strong>sq.</strong></span> <span class='ocrx_word' id='word_1_10' title='bbox 876 512 1091 594; x_wconf 88' lang='lat' dir='ltr'><strong>sagacissime</strong></span> <span class='ocrx_word' id='word_1_11' title='bbox 1106 509 1254 597; x_wconf 78' lang='lat' dir='ltr'>puellam</span> <span class='ocrx_word' id='word_1_12' title='bbox 1277 511 1320 577; x_wconf 92' lang='lat' dir='ltr'><strong>ab</strong></span> <span class='ocrx_word' id='word_1_13' title='bbox 1342 511 1559 580; x_wconf 79' lang='lat' dir='ltr'><strong>adulescente</strong></span> <span class='ocrx_word' id='word_1_14' title='bbox 1638 569 1641 576; x_wconf 91' lang='lat'><em>.</em></span> 
     </span>
    </p>
   </div>
   <div class='ocr_carea' id='block_1_3' title="bbox 275 608 1560 696">
    <p class='ocr_par' dir='ltr' id='par_1_3' title="bbox 275 608 1560 696">
     <span class='ocr_line' id='line_1_3' title="bbox 275 608 1560 696; baseline -0.001 -18"><span class='ocrx_word' id='word_1_15' title='bbox 275 633 350 678; x_wconf 90' lang='lat' dir='ltr'><strong>esse</strong></span> <span class='ocrx_word' id='word_1_16' title='bbox 373 631 597 696; x_wconf 81' lang='lat' dir='ltr'><strong>compressam</strong></span> <span class='ocrx_word' id='word_1_17' title='bbox 622 608 820 693; x_wconf 74' lang='lat' dir='ltr'><strong>concludit.)</strong></span> <span class='ocrx_word' id='word_1_18' title='bbox 861 611 971 695; x_wconf 86' lang='lat' dir='ltr'><strong>Atque</strong></span> <span class='ocrx_word' id='word_1_19' title='bbox 997 630 1039 675; x_wconf 87' lang='lat' dir='ltr'><strong>ex</strong></span> <span class='ocrx_word' id='word_1_20' title='bbox 1055 608 1171 675; x_wconf 90' lang='lat' dir='ltr'><strong>eodem</strong></span> <span class='ocrx_word' id='word_1_21' title='bbox 1194 609 1266 675; x_wconf 90' lang='lat' dir='ltr'><strong>loco</strong></span> <span class='ocrx_word' id='word_1_22' title='bbox 1283 610 1310 674; x_wconf 93' lang='lat' dir='ltr'><strong>si</strong></span> <span class='ocrx_word' id='word_1_23' title='bbox 1335 610 1469 677; x_wconf 90' lang='lat' dir='ltr'><strong>omnino</strong></span> <span class='ocrx_word' id='word_1_24' title='bbox 1485 611 1560 677; x_wconf 85' lang='lat' dir='ltr'><strong>fieri</strong></span> 
     </span>
    </p>
   </div>
   <div class='ocr_carea' id='block_1_4' title="bbox 275 706 1686 1586">
    <p class='ocr_par' dir='ltr' id='par_1_4' title="bbox 275 706 1686 1586">
     <span class='ocr_line' id='line_1_4' title="bbox 277 706 1675 797; baseline 0 -22"><span class='ocrx_word' id='word_1_25' title='bbox 277 711 398 797; x_wconf 89' lang='lat' dir='ltr'><strong>potest,</strong></span> <span class='ocrx_word' id='word_1_26' title='bbox 424 708 550 794; x_wconf 88' lang='lat' dir='ltr'><strong>aliquid</strong></span> <span class='ocrx_word' id='word_1_27' title='bbox 577 707 620 773; x_wconf 92' lang='lat' dir='ltr'><strong>ad</strong></span> <span class='ocrx_word' id='word_1_28' title='bbox 645 706 847 794; x_wconf 89' lang='lat' dir='ltr'><strong>supplendos</strong></span> <span class='ocrx_word' id='word_1_29' title='bbox 869 729 925 773; x_wconf 92' lang='lat' dir='ltr'><strong>uu.</strong></span> <span class='ocrx_word' id='word_1_30' title='bbox 950 707 1037 772; x_wconf 85' lang='grc'><strong>3-4</strong></span> <span class='ocrx_word' id='word_1_31' title='bbox 1056 708 1198 773; x_wconf 81' lang='lat' dir='ltr'><strong>fortasse</strong></span> <span class='ocrx_word' id='word_1_32' title='bbox 1222 729 1386 774; x_wconf 90' lang='lat' dir='ltr'><strong>eruemus.</strong></span> <span class='ocrx_word' id='word_1_33' title='bbox 1431 709 1558 775; x_wconf 87' lang='lat' dir='ltr'><strong>Adule·</strong></span> <span class='ocrx_word' id='word_1_34' title='bbox 1674 757 1675 760; x_wconf 63' lang='lat'><strong>,</strong></span> 
     </span>
     <span class='ocr_line' id='line_1_5' title="bbox 276 802 1676 894; baseline -0.002 -20"><span class='ocrx_word' id='word_1_35' title='bbox 276 811 427 873; x_wconf 83' lang='lat' dir='ltr'><strong>scentem</strong></span> <span class='ocrx_word' id='word_1_36' title='bbox 450 806 539 872; x_wconf 89' lang='lat' dir='ltr'><strong>enim</strong></span> <span class='ocrx_word' id='word_1_37' title='bbox 567 826 644 870; x_wconf 84' lang='lat' dir='ltr'><strong>cum</strong></span> <span class='ocrx_word' id='word_1_38' title='bbox 671 827 703 870; x_wconf 76' lang='lat' dir='ltr'><strong>u,</strong></span> <span class='ocrx_word' id='word_1_39' title='bbox 730 805 750 870; x_wconf 89' lang='lat'><strong>3</strong></span> <span class='ocrx_word' id='word_1_40' title='bbox 775 805 864 871; x_wconf 83' lang='lat' dir='ltr'><strong>dicat</strong></span> <span class='ocrx_word' id='word_1_41' title='bbox 889 803 939 894; x_wconf 77' lang='grc' dir='ltr'><strong>[ἦν</strong></span> <span class='ocrx_word' id='word_1_42' title='bbox 963 807 992 870; x_wconf 78' lang='grc' dir='ltr'><strong>δ’</strong></span> <span class='ocrx_word' id='word_1_43' title='bbox 1010 808 1049 871; x_wconf 81' lang='grc' dir='ltr'><strong>οὐ</strong></span> <span class='ocrx_word' id='word_1_44' title='bbox 1069 802 1235 894; x_wconf 82' lang='grc' dir='ltr'><strong><em>πονη]ρ[ὸς</em></strong></span> <span class='ocrx_word' id='word_1_45' title='bbox 1260 803 1341 893; x_wconf 80' lang='grc' dir='ltr'><strong>ο]ὐὸ’</strong></span> <span class='ocrx_word' id='word_1_46' title='bbox 1367 802 1557 894; x_wconf 59' lang='grc' dir='ltr'><strong>[ἒ]ὅόκουν”)</strong></span> <span class='ocrx_word' id='word_1_47' title='bbox 1675 821 1676 824; x_wconf 76' lang='grc'>’</span> 
     </span>
     <span class='ocr_line' id='line_1_6' title="bbox 275 896 1678 999; baseline 0.001 -21"><span class='ocrx_word' id='word_1_48' title='bbox 275 918 400 999; x_wconf 83' lang='lat' dir='ltr'><strong>‘neque</strong></span> <span class='ocrx_word' id='word_1_49' title='bbox 435 933 527 979; x_wconf 89' lang='lat' dir='ltr'><strong>eram</strong></span> <span class='ocrx_word' id='word_1_50' title='bbox 560 912 670 978; x_wconf 90' lang='lat' dir='ltr'><strong>malus</strong></span> <span class='ocrx_word' id='word_1_51' title='bbox 704 933 813 998; x_wconf 91' lang='lat' dir='ltr'><strong>neque</strong></span> <span class='ocrx_word' id='word_1_52' title='bbox 847 912 929 977; x_wconf 92' lang='lat' dir='ltr'><strong>mihi</strong></span> <span class='ocrx_word' id='word_1_53' title='bbox 964 912 1112 979; x_wconf 90' lang='lat' dir='ltr'><strong>uidebar’</strong></span> <span class='ocrx_word' id='word_1_54' title='bbox 1147 896 1191 980; x_wconf 89' lang='lat' dir='ltr'><strong>sc.</strong></span> <span class='ocrx_word' id='word_1_55' title='bbox 1225 897 1335 978; x_wconf 87' lang='lat' dir='ltr'><strong>malus</strong></span> <span class='ocrx_word' id='word_1_56' title='bbox 1371 915 1482 996; x_wconf 80' lang='lat' dir='ltr'><strong>esse‚⁸)</strong></span> <span class='ocrx_word' id='word_1_57' title='bbox 1518 913 1558 980; x_wconf 94' lang='lat' dir='ltr'><strong>de</strong></span> <span class='ocrx_word' id='word_1_58' title='bbox 1677 930 1678 960; x_wconf 57' lang='grc' dir='ltr'><strong><em>ί</em></strong></span> 
     </span>
     <span class='ocr_line' id='line_1_7' title="bbox 275 1009 1559 1093; baseline 0 -16"><span class='ocrx_word' id='word_1_59' title='bbox 275 1012 399 1078; x_wconf 88' lang='lat' dir='ltr'><strong>uitiata</strong></span> <span class='ocrx_word' id='word_1_60' title='bbox 422 1011 549 1093; x_wconf 89' lang='lat' dir='ltr'><strong>uirgine</strong></span> <span class='ocrx_word' id='word_1_61' title='bbox 573 1010 717 1093; x_wconf 88' lang='lat' dir='ltr'><strong>cogitare</strong></span> <span class='ocrx_word' id='word_1_62' title='bbox 741 1009 813 1076; x_wconf 88' lang='lat' dir='ltr'><strong>ueri</strong></span> <span class='ocrx_word' id='word_1_63' title='bbox 837 1013 890 1076; x_wconf 90' lang='lat' dir='ltr'><strong>est</strong></span> <span class='ocrx_word' id='word_1_64' title='bbox 913 1009 1125 1075; x_wconf 89' lang='lat' dir='ltr'><strong>simillimum.</strong></span> <span class='ocrx_word' id='word_1_65' title='bbox 1173 1009 1246 1090; x_wconf 77' lang='lat' dir='ltr'><strong>Qua</strong></span> <span class='ocrx_word' id='word_1_66' title='bbox 1270 1031 1345 1075; x_wconf 92' lang='lat' dir='ltr'><strong>cum</strong></span> <span class='ocrx_word' id='word_1_67' title='bbox 1369 1012 1559 1077; x_wconf 90' lang='lat' dir='ltr'><strong>coniectura</strong></span> 
     </span>
     <span class='ocr_line' id='line_1_8' title="bbox 275 1107 1681 1197; baseline -0.003 -21"><span class='ocrx_word' id='word_1_68' title='bbox 275 1111 400 1197; x_wconf 90' lang='lat' dir='ltr'><strong>optime</strong></span> <span class='ocrx_word' id='word_1_69' title='bbox 433 1111 619 1191; x_wconf 88' lang='lat' dir='ltr'><strong>congruunt</strong></span> <span class='ocrx_word' id='word_1_70' title='bbox 643 1129 729 1194; x_wconf 90' lang='lat' dir='ltr'><strong>quae</strong></span> <span class='ocrx_word' id='word_1_71' title='bbox 753 1129 784 1173; x_wconf 91' lang='lat' dir='ltr'><strong>u.</strong></span> <span class='ocrx_word' id='word_1_72' title='bbox 805 1109 826 1172; x_wconf 88' lang='lat'>4</span> <span class='ocrx_word' id='word_1_73' title='bbox 849 1112 1048 1174; x_wconf 89' lang='lat' dir='ltr'><strong>manserunt</strong></span> <span class='ocrx_word' id='word_1_74' title='bbox 1074 1107 1232 1194; x_wconf 86' lang='lat' dir='ltr'><strong>reliquiae</strong></span> <span class='ocrx_word' id='word_1_75' title='bbox 1256 1110 1274 1173; x_wconf 88' lang='grc' dir='ltr'>ὁ</span> <span class='ocrx_word' id='word_1_76' title='bbox 1297 1111 1558 1191; x_wconf 61' lang='lat' dir='ltr'><strong>magdalonense</strong></span> <span class='ocrx_word' id='word_1_77' title='bbox 1680 1150 1681 1172; x_wconf 60' lang='grc' dir='ltr'><strong><em>ι</em></strong></span> 
     </span>
     <span class='ocr_line' id='line_1_9' title="bbox 275 1205 1682 1293; baseline 0 -21"><span class='ocrx_word' id='word_1_78' title='bbox 275 1211 379 1291; x_wconf 81' lang='grc' dir='ltr'><strong><em>ἀγρῶι</em></strong></span> <span class='ocrx_word' id='word_1_79' title='bbox 411 1208 541 1272; x_wconf 80' lang='grc' dir='ltr'><strong><em>διετέλει.</em></strong></span> <span class='ocrx_word' id='word_1_80' title='bbox 595 1205 677 1272; x_wconf 83' lang='lat' dir='ltr'><strong>Gum</strong></span> <span class='ocrx_word' id='word_1_81' title='bbox 716 1206 803 1270; x_wconf 83' lang='lat' dir='ltr'><strong>enim</strong></span> <span class='ocrx_word' id='word_1_82' title='bbox 839 1205 893 1271; x_wconf 87' lang='lat' dir='ltr'><strong>hic</strong></span> <span class='ocrx_word' id='word_1_83' title='bbox 927 1209 1133 1290; x_wconf 84' lang='grc' dir='ltr'><strong><em>μειρακίσκος</em></strong></span> <span class='ocrx_word' id='word_1_84' title='bbox 1168 1206 1225 1291; x_wconf 89' lang='lat' dir='ltr'><strong>qui</strong></span> <span class='ocrx_word' id='word_1_85' title='bbox 1262 1209 1420 1288; x_wconf 86' lang='lat' dir='ltr'><strong>uocatur,</strong></span> <span class='ocrx_word' id='word_1_86' title='bbox 1461 1227 1559 1293; x_wconf 86' lang='lat' dir='ltr'><strong>quem</strong></span> <span class='ocrx_word' id='word_1_87' title='bbox 1681 1220 1682 1250; x_wconf 68' lang='lat' dir='ltr'><strong>l</strong></span> 
     </span>
     <span class='ocr_line' id='line_1_10' title="bbox 275 1296 1683 1391; baseline 0.001 -21"><span class='ocrx_word' id='word_1_88' title='bbox 275 1307 403 1370; x_wconf 83' lang='lat' dir='ltr'><strong>amicae</strong></span> <span class='ocrx_word' id='word_1_89' title='bbox 426 1305 562 1369; x_wconf 82' lang='lat' dir='ltr'><strong>fratrem</strong></span> <span class='ocrx_word' id='word_1_90' title='bbox 586 1325 659 1370; x_wconf 91' lang='lat' dir='ltr'><strong>esse</strong></span> <span class='ocrx_word' id='word_1_91' title='bbox 684 1325 726 1369; x_wconf 86' lang='lat' dir='ltr'><strong>ex</strong></span> <span class='ocrx_word' id='word_1_92' title='bbox 749 1325 804 1369; x_wconf 94' lang='lat' dir='ltr'><strong>uu.</strong></span> <span class='ocrx_word' id='word_1_93' title='bbox 831 1304 880 1369; x_wconf 82' lang='lat'><strong>18.</strong></span> <span class='ocrx_word' id='word_1_94' title='bbox 897 1305 939 1369; x_wconf 88' lang='lat'><strong>19</strong></span> <span class='ocrx_word' id='word_1_95' title='bbox 971 1306 1006 1370; x_wconf 94' lang='lat' dir='ltr'><strong>et</strong></span> <span class='ocrx_word' id='word_1_96' title='bbox 1036 1304 1084 1370; x_wconf 92' lang='lat' dir='ltr'><strong>eis</strong></span> <span class='ocrx_word' id='word_1_97' title='bbox 1109 1325 1195 1391; x_wconf 90' lang='lat' dir='ltr'><strong>quae</strong></span> <span class='ocrx_word' id='word_1_98' title='bbox 1218 1326 1249 1390; x_wconf 91' lang='lat' dir='ltr'><strong>p.</strong></span> <span class='ocrx_word' id='word_1_99' title='bbox 1266 1304 1306 1368; x_wconf 83' lang='grc'><strong>21</strong></span> <span class='ocrx_word' id='word_1_100' title='bbox 1342 1302 1558 1371; x_wconf 86' lang='lat' dir='ltr'><strong>disseruimus</strong></span> <span class='ocrx_word' id='word_1_101' title='bbox 1682 1296 1683 1326; x_wconf 61' lang='lat'>¹</span> 
     </span>
     <span class='ocr_line' id='line_1_11' title="bbox 276 1402 1685 1485; baseline 0.001 -18"><span class='ocrx_word' id='word_1_102' title='bbox 276 1402 375 1468; x_wconf 88' lang='lat' dir='ltr'><strong>facile</strong></span> <span class='ocrx_word' id='word_1_103' title='bbox 397 1402 581 1485; x_wconf 79' lang='lat' dir='ltr'><strong>intelleges,</strong></span> <span class='ocrx_word' id='word_1_104' title='bbox 605 1402 673 1466; x_wconf 90' lang='lat' dir='ltr'><strong>ruri</strong></span> <span class='ocrx_word' id='word_1_105' title='bbox 695 1404 896 1484; x_wconf 89' lang='lat' dir='ltr'><strong>uersaretur,</strong></span> <span class='ocrx_word' id='word_1_106' title='bbox 922 1403 1051 1468; x_wconf 89' lang='lat' dir='ltr'><strong>occasio</strong></span> <span class='ocrx_word' id='word_1_107' title='bbox 1080 1405 1152 1468; x_wconf 92' lang='lat' dir='ltr'><strong>erat</strong></span> <span class='ocrx_word' id='word_1_108' title='bbox 1184 1402 1306 1467; x_wconf 88' lang='lat' dir='ltr'><strong>amoris</strong></span> <span class='ocrx_word' id='word_1_109' title='bbox 1339 1423 1415 1467; x_wconf 88' lang='lat' dir='ltr'><strong>eum</strong></span> <span class='ocrx_word' id='word_1_110' title='bbox 1449 1423 1559 1468; x_wconf 90' lang='lat' dir='ltr'><strong>sorore</strong></span> <span class='ocrx_word' id='word_1_111' title='bbox 1684 1442 1685 1468; x_wconf 66' lang='grc' dir='ltr'><strong><em>ι</em></strong></span> 
     </span>
     <span class='ocr_line' id='line_1_12' title="bbox 276 1498 1686 1586; baseline -0.001 -19"><span class='ocrx_word' id='word_1_112' title='bbox 276 1498 551 1567; x_wconf 89' lang='lat' dir='ltr'><strong>communicandi.</strong></span> <span class='ocrx_word' id='word_1_113' title='bbox 604 1500 721 1585; x_wconf 85' lang='lat' dir='ltr'><strong>ltaque</strong></span> <span class='ocrx_word' id='word_1_114' title='bbox 752 1501 791 1564; x_wconf 89' lang='lat' dir='ltr'><strong>ut</strong></span> <span class='ocrx_word' id='word_1_115' title='bbox 821 1500 909 1565; x_wconf 88' lang='lat' dir='ltr'><strong>hanc</strong></span> <span class='ocrx_word' id='word_1_116' title='bbox 941 1500 1144 1565; x_wconf 88' lang='lat' dir='ltr'><strong>sententiam</strong></span> <span class='ocrx_word' id='word_1_117' title='bbox 1175 1501 1381 1586; x_wconf 77' lang='lat' dir='ltr'><strong>exprimeret,</strong></span> <span class='ocrx_word' id='word_1_118' title='bbox 1413 1501 1460 1565; x_wconf 90' lang='lat' dir='ltr'><strong>sic</strong></span> <span class='ocrx_word' id='word_1_119' title='bbox 1489 1499 1559 1566; x_wconf 87' lang='lat' dir='ltr'><strong>iere</strong></span> <span class='ocrx_word' id='word_1_120' title='bbox 1685 1516 1686 1532; x_wconf 63' lang='lat'>¹</span> 
     </span>
    </p>
   </div>
   <div class='ocr_carea' id='block_1_5' title="bbox 277 1598 1692 2013">
    <p class='ocr_par' dir='ltr' id='par_1_5' title="bbox 277 1598 1692 2013">
     <span class='ocr_line' id='line_1_13' title="bbox 277 1598 713 1686; baseline -0.007 -22"><span class='ocrx_word' id='word_1_121' title='bbox 277 1601 410 1686; x_wconf 89' lang='lat' dir='ltr'><strong>poterat</strong></span> <span class='ocrx_word' id='word_1_122' title='bbox 434 1599 536 1684; x_wconf 89' lang='lat' dir='ltr'><strong>poeta</strong></span> <span class='ocrx_word' id='word_1_123' title='bbox 559 1598 713 1663; x_wconf 88' lang='lat' dir='ltr'><strong>scribere:</strong></span> 
     </span>
     <span class='ocr_line' id='line_1_14' title="bbox 491 1710 1321 1802; baseline 0 -24"><span class='ocrx_word' id='word_1_124' title='bbox 491 1714 531 1797; x_wconf 79' lang='grc' dir='ltr'><strong>ἦν</strong></span> <span class='ocrx_word' id='word_1_125' title='bbox 556 1715 584 1777; x_wconf 86' lang='lat' dir='ltr'><strong>d’</strong></span> <span class='ocrx_word' id='word_1_126' title='bbox 610 1716 648 1777; x_wconf 82' lang='grc' dir='ltr'><strong>οὗ</strong></span> <span class='ocrx_word' id='word_1_127' title='bbox 671 1713 816 1798; x_wconf 85' lang='grc' dir='ltr'><strong><em>πονηρὸς</em></strong></span> <span class='ocrx_word' id='word_1_128' title='bbox 839 1715 908 1778; x_wconf 76' lang='grc' dir='ltr'><strong><em>οὐδ’</em></strong></span> <span class='ocrx_word' id='word_1_129' title='bbox 934 1714 1072 1778; x_wconf 74' lang='grc' dir='ltr'><strong><em>ἐδόκουν</em></strong></span> <span class='ocrx_word' id='word_1_130' title='bbox 1097 1711 1155 1802; x_wconf 86' lang='grc' dir='ltr'><strong>[τῆι</strong></span> <span class='ocrx_word' id='word_1_131' title='bbox 1170 1710 1321 1800; x_wconf 64' lang='lat' dir='ltr'><strong>paledros]</strong></span> 
     </span>
     <span class='ocr_line' id='line_1_15' title="bbox 494 1809 1691 1908; baseline -0.001 -32"><span class='ocrx_word' id='word_1_132' title='bbox 494 1809 620 1900; x_wconf 64' lang='grc' dir='ltr'><strong><em>[συνώκ</em></strong></span> <span class='ocrx_word' id='word_1_133' title='bbox 644 1809 709 1898; x_wconf 70' lang='grc' dir='ltr'>ὅθ’]</span> <span class='ocrx_word' id='word_1_134' title='bbox 734 1813 752 1875; x_wconf 90' lang='grc' dir='ltr'>ὁ</span> <span class='ocrx_word' id='word_1_135' title='bbox 774 1814 981 1896; x_wconf 82' lang='grc' dir='ltr'><strong><em>μειρακίσκος</em></strong></span> <span class='ocrx_word' id='word_1_136' title='bbox 1004 1813 1037 1875; x_wconf 81' lang='grc' dir='ltr'><strong>ἓν</strong></span> <span class='ocrx_word' id='word_1_137' title='bbox 1061 1813 1164 1895; x_wconf 76' lang='grc' dir='ltr'><strong><em>ἀγρῶι</em></strong></span> <span class='ocrx_word' id='word_1_138' title='bbox 1187 1809 1317 1876; x_wconf 78' lang='grc' dir='ltr'><strong><em>διετέλει.</em></strong></span> <span class='ocrx_word' id='word_1_139' title='bbox 1690 1882 1691 1908; x_wconf 24' lang='grc'>1</span> 
     </span>
     <span class='ocr_line' id='line_1_16' title="bbox 279 1925 1692 2013; baseline 0 -21"><span class='ocrx_word' id='word_1_140' title='bbox 279 1926 413 1993; x_wconf 80' lang='lat' dir='ltr'><strong>Etenim</strong></span> <span class='ocrx_word' id='word_1_141' title='bbox 434 1927 491 2011; x_wconf 81' lang='grc' dir='ltr'><strong>τὴν</strong></span> <span class='ocrx_word' id='word_1_142' title='bbox 514 1929 663 2010; x_wconf 80' lang='grc' dir='ltr'><strong><em>φιλτάτην</em></strong></span> <span class='ocrx_word' id='word_1_143' title='bbox 686 1925 780 1991; x_wconf 93' lang='lat' dir='ltr'><strong>illum</strong></span> <span class='ocrx_word' id='word_1_144' title='bbox 811 1927 961 2013; x_wconf 88' lang='lat' dir='ltr'><strong>potuisse</strong></span> <span class='ocrx_word' id='word_1_145' title='bbox 994 1926 1100 1991; x_wconf 88' lang='lat' dir='ltr'><strong>dicere</strong></span> <span class='ocrx_word' id='word_1_146' title='bbox 1133 1947 1175 1992; x_wconf 89' lang='lat' dir='ltr'><strong>ex</strong></span> <span class='ocrx_word' id='word_1_147' title='bbox 1205 1925 1311 2012; x_wconf 90' lang='lat' dir='ltr'><strong>ipsius</strong></span> <span class='ocrx_word' id='word_1_148' title='bbox 1340 1925 1440 1992; x_wconf 90' lang='lat' dir='ltr'><strong>huius</strong></span> <span class='ocrx_word' id='word_1_149' title='bbox 1471 1926 1560 2010; x_wconf 84' lang='lat' dir='ltr'><strong>frag·</strong></span> <span class='ocrx_word' id='word_1_150' title='bbox 1691 1956 1692 1972; x_wconf 50' lang='grc' dir='ltr'><strong><em>ι</em></strong></span> 
     </span>
    </p>
   </div>
   <div class='ocr_carea' id='block_1_6' title="bbox 273 2013 1694 2116">
    <p class='ocr_par' dir='ltr' id='par_1_6' title="bbox 273 2013 1694 2116">
     <span class='ocr_line' id='line_1_17' title="bbox 273 2013 1694 2116; baseline 0.001 -27"><span class='ocrx_word' id='word_1_151' title='bbox 273 2013 384 2090; x_wconf 79' lang='lat' dir='ltr'><strong>¹menti</strong></span> <span class='ocrx_word' id='word_1_152' title='bbox 416 2047 448 2090; x_wconf 91' lang='lat' dir='ltr'><strong>u.</strong></span> <span class='ocrx_word' id='word_1_153' title='bbox 481 2026 531 2090; x_wconf 85' lang='lat'><strong>15.</strong></span> <span class='ocrx_word' id='word_1_154' title='bbox 567 2023 785 2090; x_wconf 85' lang='lat' dir='ltr'><strong>manifestum</strong></span> <span class='ocrx_word' id='word_1_155' title='bbox 820 2027 880 2091; x_wconf 87' lang='lat' dir='ltr'><strong>est.</strong></span> <span class='ocrx_word' id='word_1_156' title='bbox 937 2023 1006 2089; x_wconf 92' lang='lat' dir='ltr'><strong>Nec</strong></span> <span class='ocrx_word' id='word_1_157' title='bbox 1040 2044 1159 2089; x_wconf 89' lang='lat' dir='ltr'><strong>uocem</strong></span> <span class='ocrx_word' id='word_1_158' title='bbox 1194 2032 1347 2108; x_wconf 82' lang='grc' dir='ltr'><strong><em>συνεῖναι,</em></strong></span> <span class='ocrx_word' id='word_1_159' title='bbox 1383 2045 1485 2110; x_wconf 90' lang='lat' dir='ltr'><strong>quam</strong></span> <span class='ocrx_word' id='word_1_160' title='bbox 1520 2024 1560 2090; x_wconf 94' lang='lat' dir='ltr'><strong>de</strong></span> <span class='ocrx_word' id='word_1_161' title='bbox 1692 2030 1694 2116; x_wconf 41' lang='grc' dir='ltr'>ζ</span> 
     </span>
    </p>
   </div>
   <div class='ocr_carea' id='block_1_7' title="bbox 279 2120 1561 2383">
    <p class='ocr_par' dir='ltr' id='par_1_7' title="bbox 279 2120 1561 2383">
     <span class='ocr_line' id='line_1_18' title="bbox 280 2120 1561 2208; baseline -0.002 -20"><span class='ocrx_word' id='word_1_162' title='bbox 280 2122 467 2188; x_wconf 88' lang='lat' dir='ltr'><strong>amantium</strong></span> <span class='ocrx_word' id='word_1_163' title='bbox 480 2120 720 2188; x_wconf 89' lang='lat' dir='ltr'><strong>consuetudine</strong></span> <span class='ocrx_word' id='word_1_164' title='bbox 733 2143 893 2208; x_wconf 89' lang='lat' dir='ltr'><strong>usurpare</strong></span> <span class='ocrx_word' id='word_1_165' title='bbox 910 2121 1019 2188; x_wconf 88' lang='lat' dir='ltr'><strong>solent</strong></span> <span class='ocrx_word' id='word_1_166' title='bbox 1034 2122 1148 2207; x_wconf 87' lang='lat' dir='ltr'><strong>Attici,</strong></span> <span class='ocrx_word' id='word_1_167' title='bbox 1173 2143 1195 2187; x_wconf 89' lang='lat' dir='ltr'><strong>a</strong></span> <span class='ocrx_word' id='word_1_168' title='bbox 1210 2121 1400 2188; x_wconf 90' lang='lat' dir='ltr'><strong>comoediae</strong></span> <span class='ocrx_word' id='word_1_169' title='bbox 1417 2122 1561 2188; x_wconf 90' lang='lat' dir='ltr'><strong>dictione</strong></span> 
     </span>
     <span class='ocr_line' id='line_1_19' title="bbox 279 2217 1561 2306; baseline 0.001 -21"><span class='ocrx_word' id='word_1_170' title='bbox 279 2240 354 2286; x_wconf 87' lang='lat' dir='ltr'><strong>esse</strong></span> <span class='ocrx_word' id='word_1_171' title='bbox 387 2217 531 2286; x_wconf 85' lang='lat' dir='ltr'><strong>alienam</strong></span> <span class='ocrx_word' id='word_1_172' title='bbox 553 2219 653 2284; x_wconf 87' lang='lat' dir='ltr'><strong>testis</strong></span> <span class='ocrx_word' id='word_1_173' title='bbox 684 2222 736 2285; x_wconf 90' lang='lat' dir='ltr'><strong>est</strong></span> <span class='ocrx_word' id='word_1_174' title='bbox 759 2219 922 2285; x_wconf 88' lang='lat' dir='ltr'><strong>Anaxilas</strong></span> <span class='ocrx_word' id='word_1_175' title='bbox 953 2219 990 2285; x_wconf 90' lang='lat' dir='ltr'><strong>fr.</strong></span> <span class='ocrx_word' id='word_1_176' title='bbox 1008 2219 1105 2289; x_wconf 86' lang='grc' dir='ltr'>22Κ.</span> <span class='ocrx_word' id='word_1_177' title='bbox 1130 2219 1255 2287; x_wconf 84' lang='lat' dir='ltr'><strong>GAFII</strong></span> <span class='ocrx_word' id='word_1_178' title='bbox 1282 2241 1312 2305; x_wconf 94' lang='lat' dir='ltr'><strong>p.</strong></span> <span class='ocrx_word' id='word_1_179' title='bbox 1329 2220 1404 2304; x_wconf 81' lang='lat'><strong>270,</strong></span> <span class='ocrx_word' id='word_1_180' title='bbox 1437 2221 1493 2306; x_wconf 94' lang='lat' dir='ltr'><strong>qui</strong></span> <span class='ocrx_word' id='word_1_181' title='bbox 1520 2219 1561 2286; x_wconf 95' lang='lat' dir='ltr'><strong>de</strong></span> 
     </span>
     <span class='ocr_line' id='line_1_20' title="bbox 279 2317 744 2383; baseline 0 -1"><span class='ocrx_word' id='word_1_182' title='bbox 279 2317 508 2383; x_wconf 85' lang='lat' dir='ltr'><strong>meretricibus</strong></span> <span class='ocrx_word' id='word_1_183' title='bbox 532 2339 563 2382; x_wconf 91' lang='lat' dir='ltr'><strong>u.</strong></span> <span class='ocrx_word' id='word_1_184' title='bbox 581 2317 624 2382; x_wconf 85' lang='grc'><strong>24</strong></span> <span class='ocrx_word' id='word_1_185' title='bbox 646 2318 744 2382; x_wconf 86' lang='lat' dir='ltr'><strong>haec:</strong></span> 
     </span>
    </p>
   </div>
   <div class='ocr_carea' id='block_1_8' title="bbox 530 2434 1292 2518">
    <p class='ocr_par' dir='ltr' id='par_1_8' title="bbox 530 2434 1292 2518">
     <span class='ocr_line' id='line_1_21' title="bbox 530 2434 1292 2518; baseline 0.004 -21"><span class='ocrx_word' id='word_1_186' title='bbox 530 2435 577 2505; x_wconf 87' lang='grc' dir='ltr'><strong>ὡς</strong></span> <span class='ocrx_word' id='word_1_187' title='bbox 599 2435 697 2515; x_wconf 83' lang='grc' dir='ltr'><strong><em>ἐρῶσι</em></strong></span> <span class='ocrx_word' id='word_1_188' title='bbox 719 2434 773 2497; x_wconf 84' lang='grc' dir='ltr'><strong>καὶ</strong></span> <span class='ocrx_word' id='word_1_189' title='bbox 797 2435 922 2516; x_wconf 81' lang='grc' dir='ltr'><strong><em>φιλοῦσι</em></strong></span> <span class='ocrx_word' id='word_1_190' title='bbox 944 2434 997 2498; x_wconf 88' lang='grc' dir='ltr'><strong>καὶ</strong></span> <span class='ocrx_word' id='word_1_191' title='bbox 1021 2435 1154 2499; x_wconf 82' lang='grc' dir='ltr'><strong><em>σύνεισιν</em></strong></span> <span class='ocrx_word' id='word_1_192' title='bbox 1178 2436 1292 2518; x_wconf 78' lang='grc' dir='ltr'><strong><em>ἡδέως.</em></strong></span> 
     </span>
    </p>
   </div>
   <div class='ocr_carea' id='block_1_9' title="bbox 278 2547 1562 2734">
    <p class='ocr_par' dir='ltr' id='par_1_9' title="bbox 278 2547 1562 2734">
     <span class='ocr_line' id='line_1_22' title="bbox 278 2547 1559 2634; baseline 0 -21"><span class='ocrx_word' id='word_1_193' title='bbox 278 2548 431 2634; x_wconf 89' lang='lat' dir='ltr'><strong>Denique</strong></span> <span class='ocrx_word' id='word_1_194' title='bbox 449 2549 536 2633; x_wconf 90' lang='lat' dir='ltr'><strong>quod</strong></span> <span class='ocrx_word' id='word_1_195' title='bbox 551 2549 587 2612; x_wconf 91' lang='lat' dir='ltr'><strong>in</strong></span> <span class='ocrx_word' id='word_1_196' title='bbox 603 2550 696 2614; x_wconf 91' lang='lat' dir='ltr'><strong>carta</strong></span> <span class='ocrx_word' id='word_1_197' title='bbox 719 2570 750 2613; x_wconf 92' lang='lat' dir='ltr'><strong>u.</strong></span> <span class='ocrx_word' id='word_1_198' title='bbox 766 2549 787 2611; x_wconf 84' lang='lat'>4</span> <span class='ocrx_word' id='word_1_199' title='bbox 811 2550 971 2634; x_wconf 88' lang='lat' dir='ltr'><strong>scriptum</strong></span> <span class='ocrx_word' id='word_1_200' title='bbox 993 2547 1146 2615; x_wconf 90' lang='lat' dir='ltr'><strong>uidemus</strong></span> <span class='ocrx_word' id='word_1_201' title='bbox 1162 2549 1559 2631; x_wconf 82' lang='grc' dir='ltr'><em>ΕΟΜΕΙΡΑΚΙΣΚΟΣ,</em></span> 
     </span>
     <span class='ocr_line' id='line_1_23' title="bbox 281 2645 1562 2734; baseline 0 -23"><span class='ocrx_word' id='word_1_202' title='bbox 281 2668 349 2712; x_wconf 92' lang='lat' dir='ltr'><strong>non</strong></span> <span class='ocrx_word' id='word_1_203' title='bbox 380 2649 433 2712; x_wconf 90' lang='lat' dir='ltr'><strong>est</strong></span> <span class='ocrx_word' id='word_1_204' title='bbox 464 2649 698 2728; x_wconf 86' lang='lat' dir='ltr'><strong>argumentum</strong></span> <span class='ocrx_word' id='word_1_205' title='bbox 730 2667 794 2732; x_wconf 93' lang='lat' dir='ltr'><strong>quo</strong></span> <span class='ocrx_word' id='word_1_206' title='bbox 827 2646 1096 2733; x_wconf 87' lang='lat' dir='ltr'><strong>supplementum</strong></span> <span class='ocrx_word' id='word_1_207' title='bbox 1126 2645 1207 2711; x_wconf 95' lang='lat' dir='ltr'><strong>illud</strong></span> <span class='ocrx_word' id='word_1_208' title='bbox 1238 2646 1424 2734; x_wconf 88' lang='lat' dir='ltr'><strong>repellatur.</strong></span> <span class='ocrx_word' id='word_1_209' title='bbox 1474 2646 1562 2712; x_wconf 91' lang='lat' dir='ltr'><strong>Nam</strong></span> 
     </span>
    </p>
   </div>
   <div class='ocr_carea' id='block_1_10' title="bbox 280 2742 1562 2925">
    <p class='ocr_par' dir='ltr' id='par_1_10' title="bbox 280 2742 1562 2925">
     <span class='ocr_line' id='line_1_24' title="bbox 280 2742 1561 2829; baseline -0.001 -19"><span class='ocrx_word' id='word_1_210' title='bbox 280 2745 415 2829; x_wconf 87' lang='lat' dir='ltr'><strong>saepius</strong></span> <span class='ocrx_word' id='word_1_211' title='bbox 425 2742 595 2809; x_wconf 88' lang='lat' dir='ltr'><strong>elisionem</strong></span> <span class='ocrx_word' id='word_1_212' title='bbox 605 2765 704 2829; x_wconf 88' lang='lat' dir='ltr'><strong>quam</strong></span> <span class='ocrx_word' id='word_1_213' title='bbox 714 2743 1001 2810; x_wconf 89' lang='lat' dir='ltr'><strong>uocantlibrarius</strong></span> <span class='ocrx_word' id='word_1_214' title='bbox 1013 2742 1162 2827; x_wconf 86' lang='lat' dir='ltr'><strong>neglexit</strong></span> <span class='ocrx_word' id='word_1_215' title='bbox 1173 2743 1280 2810; x_wconf 93' lang='lat' dir='ltr'><strong>ueluti</strong></span> <span class='ocrx_word' id='word_1_216' title='bbox 1292 2767 1323 2810; x_wconf 94' lang='lat' dir='ltr'><strong>u.</strong></span> <span class='ocrx_word' id='word_1_217' title='bbox 1336 2746 1357 2810; x_wconf 84' lang='lat'>9</span> <span class='ocrx_word' id='word_1_218' title='bbox 1374 2745 1561 2811; x_wconf 82' lang='grc' dir='ltr'><em>ΘῩΟΝΤΑ</em></span> 
     </span>
     <span class='ocr_line' id='line_1_25' title="bbox 282 2840 1562 2925; baseline 0.001 -19"><span class='ocrx_word' id='word_1_219' title='bbox 282 2843 371 2906; x_wconf 75' lang='lat' dir='ltr'><strong>ENA</strong></span> <span class='ocrx_word' id='word_1_220' title='bbox 379 2840 447 2907; x_wconf 90' lang='grc' dir='ltr'><strong>ΟΝ</strong></span> <span class='ocrx_word' id='word_1_221' title='bbox 457 2842 492 2906; x_wconf 93' lang='lat' dir='ltr'><strong>et</strong></span> <span class='ocrx_word' id='word_1_222' title='bbox 514 2862 545 2906; x_wconf 91' lang='lat' dir='ltr'><strong>u.</strong></span> <span class='ocrx_word' id='word_1_223' title='bbox 562 2841 605 2906; x_wconf 84' lang='lat'><strong>40</strong></span> <span class='ocrx_word' id='word_1_224' title='bbox 621 2841 869 2907; x_wconf 84' lang='grc' dir='ltr'><strong><em>ΠΑΝΤΑΟΣΑ</em></strong></span> <span class='ocrx_word' id='word_1_225' title='bbox 892 2841 1021 2925; x_wconf 90' lang='lat' dir='ltr'><strong>legitur.</strong></span> <span class='ocrx_word' id='word_1_226' title='bbox 1059 2842 1168 2922; x_wconf 81' lang='lat' dir='ltr'><strong>Quare</strong></span> <span class='ocrx_word' id='word_1_227' title='bbox 1192 2843 1295 2907; x_wconf 90' lang='lat' dir='ltr'><strong>etiam</strong></span> <span class='ocrx_word' id='word_1_228' title='bbox 1311 2843 1375 2909; x_wconf 86' lang='lat' dir='ltr'><strong>hoo</strong></span> <span class='ocrx_word' id='word_1_229' title='bbox 1396 2842 1469 2908; x_wconf 93' lang='lat' dir='ltr'><strong>loco</strong></span> <span class='ocrx_word' id='word_1_230' title='bbox 1493 2863 1562 2908; x_wconf 91' lang='lat' dir='ltr'><strong>non</strong></span> 
     </span>
    </p>
   </div>
   <div class='ocr_carea' id='block_1_11' title="bbox 280 2936 1564 3906">
    <p class='ocr_par' dir='ltr' id='par_1_11' title="bbox 280 2936 1564 3906">
     <span class='ocr_line' id='line_1_26' title="bbox 280 2936 1562 3029; baseline 0.001 -24"><span class='ocrx_word' id='word_1_231' title='bbox 280 2944 335 3005; x_wconf 88' lang='lat' dir='ltr'><strong>est</strong></span> <span class='ocrx_word' id='word_1_232' title='bbox 348 2959 405 3004; x_wconf 91' lang='lat' dir='ltr'><strong>cur</strong></span> <span class='ocrx_word' id='word_1_233' title='bbox 417 2959 486 3004; x_wconf 90' lang='lat' dir='ltr'><strong>non</strong></span> <span class='ocrx_word' id='word_1_234' title='bbox 498 2936 542 3027; x_wconf 84' lang='grc' dir='ltr'><strong>[Σ</strong></span> <span class='ocrx_word' id='word_1_235' title='bbox 545 2939 678 3003; x_wconf 82' lang='grc' dir='ltr'><em>ΥΝΩΝ</em></span> <span class='ocrx_word' id='word_1_236' title='bbox 678 2937 1142 3029; x_wconf 84' lang='grc' dir='ltr'><strong><em>οΤ]ΕΟΜΕΙΡΑΚΙΣΚΟΣ</em></strong></span> <span class='ocrx_word' id='word_1_237' title='bbox 1154 2960 1229 3005; x_wconf 92' lang='lat' dir='ltr'><strong>eum</strong></span> <span class='ocrx_word' id='word_1_238' title='bbox 1243 2941 1413 3027; x_wconf 89' lang='lat' dir='ltr'><strong>scripsisse</strong></span> <span class='ocrx_word' id='word_1_239' title='bbox 1431 2944 1562 3007; x_wconf 87' lang='lat' dir='ltr'><strong>statua-</strong></span> 
     </span>
     <span class='ocr_line' id='line_1_27' title="bbox 280 3035 1561 3125; baseline 0.002 -23"><span class='ocrx_word' id='word_1_240' title='bbox 280 3058 364 3102; x_wconf 90' lang='lat' dir='ltr'><strong>mus.</strong></span> <span class='ocrx_word' id='word_1_241' title='bbox 389 3035 494 3102; x_wconf 80' lang='lat' dir='ltr'><strong>Totus</strong></span> <span class='ocrx_word' id='word_1_242' title='bbox 511 3039 625 3102; x_wconf 87' lang='lat' dir='ltr'><strong>autem</strong></span> <span class='ocrx_word' id='word_1_243' title='bbox 641 3037 734 3103; x_wconf 89' lang='lat' dir='ltr'><strong>locus</strong></span> <span class='ocrx_word' id='word_1_244' title='bbox 750 3040 789 3102; x_wconf 89' lang='lat' dir='ltr'><strong>ut</strong></span> <span class='ocrx_word' id='word_1_245' title='bbox 805 3039 882 3124; x_wconf 91' lang='lat' dir='ltr'><strong>apte</strong></span> <span class='ocrx_word' id='word_1_246' title='bbox 900 3059 974 3120; x_wconf 82' lang='lat' dir='ltr'><strong>cum</strong></span> <span class='ocrx_word' id='word_1_247' title='bbox 992 3037 1040 3103; x_wconf 93' lang='lat' dir='ltr'><strong>eis</strong></span> <span class='ocrx_word' id='word_1_248' title='bbox 1053 3058 1139 3125; x_wconf 90' lang='lat' dir='ltr'><strong>quae</strong></span> <span class='ocrx_word' id='word_1_249' title='bbox 1156 3042 1342 3124; x_wconf 88' lang='lat' dir='ltr'><strong>sequuntur</strong></span> <span class='ocrx_word' id='word_1_250' title='bbox 1357 3041 1561 3120; x_wconf 81' lang='lat' dir='ltr'><strong>conectatur,</strong></span> 
     </span>
     <span class='ocr_line' id='line_1_28' title="bbox 281 3132 1563 3224; baseline 0.002 -25"><span class='ocrx_word' id='word_1_251' title='bbox 281 3132 350 3223; x_wconf 77' lang='grc' dir='ltr'>[νῦν</span> <span class='ocrx_word' id='word_1_252' title='bbox 374 3138 403 3200; x_wconf 83' lang='lat' dir='ltr'><strong>d’</strong></span> <span class='ocrx_word' id='word_1_253' title='bbox 428 3132 528 3224; x_wconf 83' lang='grc' dir='ltr'><strong>ἔτυχε]</strong></span> <span class='ocrx_word' id='word_1_254' title='bbox 557 3135 646 3221; x_wconf 90' lang='lat' dir='ltr'><strong>quod</strong></span> <span class='ocrx_word' id='word_1_255' title='bbox 676 3135 845 3222; x_wconf 89' lang='lat' dir='ltr'><strong>suppleuit</strong></span> <span class='ocrx_word' id='word_1_256' title='bbox 872 3135 1032 3201; x_wconf 84' lang='lat' dir='ltr'><strong>Dziatzko</strong></span> <span class='ocrx_word' id='word_1_257' title='bbox 1062 3137 1255 3222; x_wconf 87' lang='lat' dir='ltr'><strong>recepimus.</strong></span> <span class='ocrx_word' id='word_1_258' title='bbox 1300 3138 1462 3201; x_wconf 84' lang='lat' dir='ltr'><strong>Attamen</strong></span> <span class='ocrx_word' id='word_1_259' title='bbox 1493 3157 1563 3201; x_wconf 90' lang='lat' dir='ltr'><strong>una</strong></span> 
     </span>
     <span class='ocr_line' id='line_1_29' title="bbox 281 3231 1561 3321; baseline 0.002 -24"><span class='ocrx_word' id='word_1_260' title='bbox 281 3235 389 3298; x_wconf 88' lang='lat' dir='ltr'><strong>restat</strong></span> <span class='ocrx_word' id='word_1_261' title='bbox 405 3231 597 3298; x_wconf 85' lang='lat' dir='ltr'><strong>difficultas:</strong></span> <span class='ocrx_word' id='word_1_262' title='bbox 621 3232 781 3299; x_wconf 81' lang='lat' dir='ltr'><strong>Daiatzlro</strong></span> <span class='ocrx_word' id='word_1_263' title='bbox 799 3234 887 3299; x_wconf 92' lang='lat' dir='ltr'><strong>enim</strong></span> <span class='ocrx_word' id='word_1_264' title='bbox 902 3257 931 3321; x_wconf 90' lang='lat' dir='ltr'><strong>p.</strong></span> <span class='ocrx_word' id='word_1_265' title='bbox 949 3234 1012 3299; x_wconf 81' lang='lat'><strong>507</strong></span> <span class='ocrx_word' id='word_1_266' title='bbox 1031 3233 1121 3300; x_wconf 89' lang='lat' dir='ltr'><strong>dicit:</strong></span> <span class='ocrx_word' id='word_1_267' title='bbox 1145 3234 1240 3300; x_wconf 85' lang='lat' dir='ltr'><strong>‘Scin</strong></span> <span class='ocrx_word' id='word_1_268' title='bbox 1257 3236 1310 3315; x_wconf 87' lang='lat' dir='ltr'><strong>(sc.</strong></span> <span class='ocrx_word' id='word_1_269' title='bbox 1327 3234 1561 3317; x_wconf 89' lang='lat' dir='ltr'><strong>adulescentis)</strong></span> 
     </span>
     <span class='ocr_line' id='line_1_30' title="bbox 282 3329 1564 3398; baseline 0 -3"><span class='ocrx_word' id='word_1_270' title='bbox 282 3329 389 3396; x_wconf 89' lang='lat' dir='ltr'><strong>Name</strong></span> <span class='ocrx_word' id='word_1_271' title='bbox 411 3329 542 3396; x_wconf 85' lang='lat' dir='ltr'><strong>kommt</strong></span> <span class='ocrx_word' id='word_1_272' title='bbox 568 3332 603 3396; x_wconf 92' lang='lat' dir='ltr'><strong>in</strong></span> <span class='ocrx_word' id='word_1_273' title='bbox 627 3330 722 3396; x_wconf 85' lang='lat' dir='ltr'><strong>Scll</strong></span> <span class='ocrx_word' id='word_1_274' title='bbox 752 3331 846 3396; x_wconf 89' lang='lat' dir='ltr'><strong>nicht</strong></span> <span class='ocrx_word' id='word_1_275' title='bbox 875 3353 936 3397; x_wconf 90' lang='lat' dir='ltr'><strong>vor</strong></span> <span class='ocrx_word' id='word_1_276' title='bbox 968 3332 1037 3397; x_wconf 93' lang='lat' dir='ltr'><strong>und</strong></span> <span class='ocrx_word' id='word_1_277' title='bbox 1066 3331 1194 3398; x_wconf 87' lang='lat' dir='ltr'><strong>konnte</strong></span> <span class='ocrx_word' id='word_1_278' title='bbox 1226 3329 1311 3397; x_wconf 90' lang='lat' dir='ltr'><strong>doch</strong></span> <span class='ocrx_word' id='word_1_279' title='bbox 1341 3333 1428 3397; x_wconf 88' lang='lat' dir='ltr'><strong>auch</strong></span> <span class='ocrx_word' id='word_1_280' title='bbox 1460 3330 1564 3396; x_wconf 92' lang='lat' dir='ltr'><strong>durch</strong></span> 
     </span>
     <span class='ocr_line' id='line_1_31' title="bbox 282 3426 1562 3512; baseline 0 -18"><span class='ocrx_word' id='word_1_281' title='bbox 282 3427 349 3494; x_wconf 92' lang='lat' dir='ltr'><strong>den</strong></span> <span class='ocrx_word' id='word_1_282' title='bbox 370 3426 529 3512; x_wconf 77' lang='lat' dir='ltr'><strong>Jfingling</strong></span> <span class='ocrx_word' id='word_1_283' title='bbox 552 3427 658 3494; x_wconf 90' lang='lat' dir='ltr'><strong>selbst</strong></span> <span class='ocrx_word' id='word_1_284' title='bbox 680 3428 773 3494; x_wconf 90' lang='lat' dir='ltr'><strong>nicht</strong></span> <span class='ocrx_word' id='word_1_285' title='bbox 795 3431 856 3512; x_wconf 89' lang='lat' dir='ltr'><strong>gut</strong></span> <span class='ocrx_word' id='word_1_286' title='bbox 880 3430 945 3495; x_wconf 90' lang='lat' dir='ltr'><strong>den</strong></span> <span class='ocrx_word' id='word_1_287' title='bbox 968 3429 1181 3495; x_wconf 91' lang='lat' dir='ltr'><strong>Zuschauern</strong></span> <span class='ocrx_word' id='word_1_288' title='bbox 1212 3428 1389 3511; x_wconf 90' lang='lat' dir='ltr'><strong>mitgeteilt</strong></span> <span class='ocrx_word' id='word_1_289' title='bbox 1417 3428 1562 3494; x_wconf 87' lang='lat' dir='ltr'><strong>werden.</strong></span> 
     </span>
     <span class='ocr_line' id='line_1_32' title="bbox 283 3524 1563 3610; baseline -0.001 -19"><span class='ocrx_word' id='word_1_290' title='bbox 283 3526 527 3609; x_wconf 80' lang='lat' dir='ltr'><strong>llbensowenig</strong></span> <span class='ocrx_word' id='word_1_291' title='bbox 550 3547 621 3592; x_wconf 87' lang='lat' dir='ltr'><strong>war</strong></span> <span class='ocrx_word' id='word_1_292' title='bbox 645 3548 679 3592; x_wconf 90' lang='lat' dir='ltr'><strong>er</strong></span> <span class='ocrx_word' id='word_1_293' title='bbox 703 3526 755 3591; x_wconf 88' lang='lat' dir='ltr'><strong>die</strong></span> <span class='ocrx_word' id='word_1_294' title='bbox 776 3528 949 3610; x_wconf 87' lang='lat' dir='ltr'><strong>geeignete</strong></span> <span class='ocrx_word' id='word_1_295' title='bbox 964 3527 1099 3610; x_wconf 88' lang='lat' dir='ltr'><strong>Person,</strong></span> <span class='ocrx_word' id='word_1_296' title='bbox 1124 3547 1180 3591; x_wconf 92' lang='lat' dir='ltr'><strong>um</strong></span> <span class='ocrx_word' id='word_1_297' title='bbox 1198 3526 1262 3592; x_wconf 94' lang='lat' dir='ltr'><strong>den</strong></span> <span class='ocrx_word' id='word_1_298' title='bbox 1280 3524 1563 3593; x_wconf 89' lang='lat' dir='ltr'><strong>entscheidenden</strong></span> 
     </span>
     <span class='ocr_line' id='line_1_33' title="bbox 284 3622 1564 3708; baseline 0.001 -20"><span class='ocrx_word' id='word_1_299' title='bbox 284 3622 421 3705; x_wconf 88' lang='lat' dir='ltr'><strong>Vorfall,</strong></span> <span class='ocrx_word' id='word_1_300' title='bbox 458 3622 509 3690; x_wconf 88' lang='lat' dir='ltr'><strong>die</strong></span> <span class='ocrx_word' id='word_1_301' title='bbox 544 3623 740 3706; x_wconf 79' lang='lat' dir='ltr'><strong>Entehrung</strong></span> <span class='ocrx_word' id='word_1_302' title='bbox 774 3623 833 3690; x_wconf 87' lang='lat' dir='ltr'><strong>des</strong></span> <span class='ocrx_word' id='word_1_303' title='bbox 868 3625 1064 3708; x_wconf 73' lang='lat' dir='ltr'><strong>Madohens,</strong></span> <span class='ocrx_word' id='word_1_304' title='bbox 1100 3623 1152 3689; x_wconf 89' lang='lat' dir='ltr'><strong>die</strong></span> <span class='ocrx_word' id='word_1_305' title='bbox 1188 3622 1470 3708; x_wconf 86' lang='lat' dir='ltr'><strong>Geheimhaltung</strong></span> <span class='ocrx_word' id='word_1_306' title='bbox 1504 3623 1564 3689; x_wconf 89' lang='lat' dir='ltr'><strong>des</strong></span> 
     </span>
     <span class='ocr_line' id='line_1_34' title="bbox 282 3720 1562 3806; baseline 0 -20"><span class='ocrx_word' id='word_1_307' title='bbox 282 3720 450 3787; x_wconf 86' lang='lat' dir='ltr'><strong>Zustands</strong></span> <span class='ocrx_word' id='word_1_308' title='bbox 466 3720 535 3786; x_wconf 92' lang='lat' dir='ltr'><strong>und</strong></span> <span class='ocrx_word' id='word_1_309' title='bbox 552 3743 624 3786; x_wconf 90' lang='lat' dir='ltr'><strong>was</strong></span> <span class='ocrx_word' id='word_1_310' title='bbox 641 3723 736 3786; x_wconf 91' lang='lat' dir='ltr'><strong>sonst</strong></span> <span class='ocrx_word' id='word_1_311' title='bbox 752 3721 858 3788; x_wconf 81' lang='lat' dir='ltr'><strong>demit</strong></span> <span class='ocrx_word' id='word_1_312' title='bbox 874 3723 1184 3804; x_wconf 68' lang='lat' dir='ltr'><strong>zusammenhangt,</strong></span> <span class='ocrx_word' id='word_1_313' title='bbox 1202 3721 1307 3788; x_wconf 91' lang='lat' dir='ltr'><strong>selbst</strong></span> <span class='ocrx_word' id='word_1_314' title='bbox 1322 3724 1562 3806; x_wconf 72' lang='lat' dir='ltr'><strong>vorzutragen?</strong></span> 
     </span>
     <span class='ocr_line' id='line_1_35' title="bbox 284 3818 1562 3906; baseline 0.002 -23"><span class='ocrx_word' id='word_1_315' title='bbox 284 3818 331 3885; x_wconf 89' lang='lat' dir='ltr'><strong>At</strong></span> <span class='ocrx_word' id='word_1_316' title='bbox 357 3821 536 3905; x_wconf 86' lang='lat' dir='ltr'><strong>utrumque</strong></span> <span class='ocrx_word' id='word_1_317' title='bbox 568 3822 801 3902; x_wconf 90' lang='lat' dir='ltr'><strong>argumentum</strong></span> <span class='ocrx_word' id='word_1_318' title='bbox 832 3841 901 3886; x_wconf 91' lang='lat' dir='ltr'><strong>non</strong></span> <span class='ocrx_word' id='word_1_319' title='bbox 931 3821 1075 3887; x_wconf 88' lang='lat' dir='ltr'><strong>multum</strong></span> <span class='ocrx_word' id='word_1_320' title='bbox 1105 3819 1199 3885; x_wconf 88' lang='lat' dir='ltr'><strong>ualet</strong></span> <span class='ocrx_word' id='word_1_321' title='bbox 1230 3822 1265 3885; x_wconf 87' lang='lat' dir='ltr'><strong>et</strong></span> <span class='ocrx_word' id='word_1_322' title='bbox 1295 3821 1470 3906; x_wconf 88' lang='lat' dir='ltr'><strong>expeditur</strong></span> <span class='ocrx_word' id='word_1_323' title='bbox 1499 3841 1562 3902; x_wconf 89' lang='lat' dir='ltr'><strong>res,</strong></span> 
     </span>
    </p>
   </div>
   <div class='ocr_carea' id='block_1_12' title="bbox 282 4067 1566 4698">
    <p class='ocr_par' dir='ltr' id='par_1_12' title="bbox 392 4067 1272 4218">
     <span class='ocr_line' id='line_1_36' title="bbox 392 4067 1045 4139; baseline 0 -18"><span class='ocrx_word' id='word_1_324' title='bbox 392 4068 411 4137; x_wconf 88' lang='lat'><strong>¹)</strong></span> <span class='ocrx_word' id='word_1_325' title='bbox 431 4067 466 4122; x_wconf 85' lang='lat' dir='ltr'><strong>cl.</strong></span> <span class='ocrx_word' id='word_1_326' title='bbox 486 4084 557 4122; x_wconf 89' lang='lat' dir='ltr'><strong>com.</strong></span> <span class='ocrx_word' id='word_1_327' title='bbox 577 4067 629 4122; x_wconf 87' lang='lat' dir='ltr'><strong>inc.</strong></span> <span class='ocrx_word' id='word_1_328' title='bbox 648 4067 682 4122; x_wconf 84' lang='lat' dir='ltr'><strong>fr.</strong></span> <span class='ocrx_word' id='word_1_329' title='bbox 695 4067 748 4122; x_wconf 79' lang='lat'><strong>297</strong></span> <span class='ocrx_word' id='word_1_330' title='bbox 761 4068 795 4122; x_wconf 92' lang='lat' dir='ltr'><strong>K.</strong></span> <span class='ocrx_word' id='word_1_331' title='bbox 815 4067 884 4121; x_wconf 72' lang='lat' dir='ltr'><strong>cnr</strong></span> <span class='ocrx_word' id='word_1_332' title='bbox 897 4069 933 4122; x_wconf 94' lang='lat' dir='ltr'><strong>lll</strong></span> <span class='ocrx_word' id='word_1_333' title='bbox 952 4086 978 4139; x_wconf 88' lang='lat' dir='ltr'><strong>p.</strong></span> <span class='ocrx_word' id='word_1_334' title='bbox 991 4067 1045 4122; x_wconf 79' lang='lat'><strong>462</strong></span> 
     </span>
     <span class='ocr_line' id='line_1_37' title="bbox 550 4143 1272 4218; baseline 0.003 -20"><span class='ocrx_word' id='word_1_335' title='bbox 550 4144 693 4215; x_wconf 76' lang='grc' dir='ltr'><strong><em>Πάμφιλος</em></strong></span> <span class='ocrx_word' id='word_1_336' title='bbox 710 4148 802 4216; x_wconf 78' lang='grc' dir='ltr'><strong>γαμεῖ;</strong></span> <span class='ocrx_word' id='word_1_337' title='bbox 820 4148 943 4216; x_wconf 77' lang='grc' dir='ltr'><strong><em>γαμείτω,</em></strong></span> <span class='ocrx_word' id='word_1_338' title='bbox 961 4145 1073 4218; x_wconf 75' lang='grc' dir='ltr'><strong><em>καὶγὰρ</em></strong></span> <span class='ocrx_word' id='word_1_339' title='bbox 1091 4143 1192 4214; x_wconf 68' lang='grc' dir='ltr'><strong><em>ἠδικησ’</em></strong></span> <span class='ocrx_word' id='word_1_340' title='bbox 1216 4145 1272 4216; x_wconf 76' lang='grc' dir='ltr'><strong><em>ἐμέ,</em></strong></span> 
     </span>
    </p>

    <p class='ocr_par' dir='ltr' id='par_1_13' title="bbox 282 4224 1566 4539">
     <span class='ocr_line' id='line_1_38' title="bbox 284 4224 1564 4299; baseline 0 -17"><span class='ocrx_word' id='word_1_341' title='bbox 284 4227 332 4282; x_wconf 90' lang='lat' dir='ltr'><strong>ubi</strong></span> <span class='ocrx_word' id='word_1_342' title='bbox 353 4229 457 4282; x_wconf 88' lang='lat' dir='ltr'><strong>rectius</strong></span> <span class='ocrx_word' id='word_1_343' title='bbox 481 4244 565 4299; x_wconf 89' lang='lat' dir='ltr'><strong>quam</strong></span> <span class='ocrx_word' id='word_1_344' title='bbox 582 4228 663 4282; x_wconf 89' lang='lat' dir='ltr'><strong>Kock</strong></span> <span class='ocrx_word' id='word_1_345' title='bbox 681 4228 699 4282; x_wconf 96' lang='lat' dir='ltr'><strong>l.</strong></span> <span class='ocrx_word' id='word_1_346' title='bbox 712 4245 734 4282; x_wconf 90' lang='lat' dir='ltr'><strong>s.</strong></span> <span class='ocrx_word' id='word_1_347' title='bbox 753 4224 857 4296; x_wconf 78' lang='grc' dir='ltr'><strong><em>ἠδίκησέ</em></strong></span> <span class='ocrx_word' id='word_1_348' title='bbox 872 4247 905 4295; x_wconf 85' lang='grc' dir='ltr'><strong>με</strong></span> <span class='ocrx_word' id='word_1_349' title='bbox 926 4228 1067 4283; x_wconf 82' lang='lat' dir='ltr'><strong>Daiatzko</strong></span> <span class='ocrx_word' id='word_1_350' title='bbox 1086 4229 1140 4283; x_wconf 84' lang='lat' dir='ltr'><strong>Rh.</strong></span> <span class='ocrx_word' id='word_1_351' title='bbox 1154 4229 1190 4283; x_wconf 91' lang='lat' dir='ltr'><strong>M.</strong></span> <span class='ocrx_word' id='word_1_352' title='bbox 1203 4228 1246 4294; x_wconf 83' lang='lat'><strong>31,</strong></span> <span class='ocrx_word' id='word_1_353' title='bbox 1262 4227 1330 4282; x_wconf 81' lang='lat'>1876</span> <span class='ocrx_word' id='word_1_354' title='bbox 1349 4246 1376 4299; x_wconf 87' lang='lat' dir='ltr'><strong>p.</strong></span> <span class='ocrx_word' id='word_1_355' title='bbox 1389 4228 1442 4283; x_wconf 80' lang='lat'><strong>373</strong></span> <span class='ocrx_word' id='word_1_356' title='bbox 1467 4227 1564 4282; x_wconf 85' lang='lat' dir='ltr'><strong>distin-</strong></span> 
     </span>
     <span class='ocr_line' id='line_1_39' title="bbox 282 4303 1565 4379; baseline 0 -17"><span class='ocrx_word' id='word_1_357' title='bbox 282 4309 427 4378; x_wconf 88' lang='lat' dir='ltr'><strong>guendum</strong></span> <span class='ocrx_word' id='word_1_358' title='bbox 455 4311 552 4362; x_wconf 90' lang='lat' dir='ltr'><strong>censet</strong></span> <span class='ocrx_word' id='word_1_359' title='bbox 568 4303 672 4374; x_wconf 77' lang='grc' dir='ltr'><strong><em>ἠδίκησ’</em></strong></span> <span class='ocrx_word' id='word_1_360' title='bbox 704 4305 760 4376; x_wconf 73' lang='grc' dir='ltr'><strong><em>ἐμὲ.</em></strong></span> <span class='ocrx_word' id='word_1_361' title='bbox 806 4308 875 4362; x_wconf 79' lang='lat' dir='ltr'><strong>Cum</strong></span> <span class='ocrx_word' id='word_1_362' title='bbox 905 4309 979 4362; x_wconf 90' lang='lat' dir='ltr'><strong>enim</strong></span> <span class='ocrx_word' id='word_1_363' title='bbox 1005 4308 1168 4378; x_wconf 87' lang='lat' dir='ltr'><strong>Pamphilus</strong></span> <span class='ocrx_word' id='word_1_364' title='bbox 1198 4308 1245 4362; x_wconf 91' lang='lat' dir='ltr'><strong>ille</strong></span> <span class='ocrx_word' id='word_1_365' title='bbox 1275 4309 1394 4363; x_wconf 85' lang='lat' dir='ltr'><strong>alteram</strong></span> <span class='ocrx_word' id='word_1_366' title='bbox 1422 4307 1565 4379; x_wconf 82' lang='lat' dir='ltr'><strong>quandam</strong></span> 
     </span>
     <span class='ocr_line' id='line_1_40' title="bbox 285 4387 1566 4459; baseline 0 -17"><span class='ocrx_word' id='word_1_367' title='bbox 285 4388 420 4443; x_wconf 82' lang='lat' dir='ltr'><strong>ducturus</strong></span> <span class='ocrx_word' id='word_1_368' title='bbox 438 4389 483 4454; x_wconf 87' lang='lat' dir='ltr'><strong>sit,</strong></span> <span class='ocrx_word' id='word_1_369' title='bbox 504 4404 567 4442; x_wconf 88' lang='lat' dir='ltr'><strong>eam</strong></span> <span class='ocrx_word' id='word_1_370' title='bbox 586 4403 658 4459; x_wconf 87' lang='lat' dir='ltr'><strong>quae</strong></span> <span class='ocrx_word' id='word_1_371' title='bbox 676 4388 801 4458; x_wconf 88' lang='lat' dir='ltr'><strong>loquitur</strong></span> <span class='ocrx_word' id='word_1_372' title='bbox 820 4387 1023 4458; x_wconf 85' lang='lat' dir='ltr'><strong>compresserit,</strong></span> <span class='ocrx_word' id='word_1_373' title='bbox 1049 4404 1105 4458; x_wconf 90' lang='lat' dir='ltr'><strong>quo</strong></span> <span class='ocrx_word' id='word_1_374' title='bbox 1130 4389 1221 4458; x_wconf 80' lang='lat' dir='ltr'><strong>magis</strong></span> <span class='ocrx_word' id='word_1_375' title='bbox 1247 4387 1368 4444; x_wconf 89' lang='lat' dir='ltr'><strong>dilucide</strong></span> <span class='ocrx_word' id='word_1_376' title='bbox 1393 4388 1464 4442; x_wconf 85' lang='lat' dir='ltr'><strong>haec</strong></span> <span class='ocrx_word' id='word_1_377' title='bbox 1482 4387 1566 4442; x_wconf 85' lang='lat' dir='ltr'><strong>alteri</strong></span> 
     </span>
     <span class='ocr_line' id='line_1_41' title="bbox 284 4464 1118 4539; baseline 0.001 -17"><span class='ocrx_word' id='word_1_378' title='bbox 284 4471 451 4539; x_wconf 88' lang='lat' dir='ltr'><strong>opponatur,</strong></span> <span class='ocrx_word' id='word_1_379' title='bbox 470 4467 668 4522; x_wconf 87' lang='lat' dir='ltr'><strong>uehementior</strong></span> <span class='ocrx_word' id='word_1_380' title='bbox 685 4467 779 4522; x_wconf 81' lang='lat' dir='ltr'><strong>forma</strong></span> <span class='ocrx_word' id='word_1_381' title='bbox 796 4464 844 4536; x_wconf 80' lang='grc' dir='ltr'><strong>ἐμέ</strong></span> <span class='ocrx_word' id='word_1_382' title='bbox 863 4468 1048 4538; x_wconf 84' lang='lat' dir='ltr'><strong>praeferenda</strong></span> <span class='ocrx_word' id='word_1_383' title='bbox 1065 4470 1118 4524; x_wconf 86' lang='lat' dir='ltr'><strong>est.</strong></span> 
     </span>
    </p>

    <p class='ocr_par' dir='ltr' id='par_1_14' title="bbox 391 4548 699 4618">
     <span class='ocr_line' id='line_1_42' title="bbox 391 4548 699 4618; baseline 0 -16"><span class='ocrx_word' id='word_1_384' title='bbox 391 4550 410 4618; x_wconf 78' lang='lat'><strong>¹)</strong></span> <span class='ocrx_word' id='word_1_385' title='bbox 430 4548 466 4603; x_wconf 86' lang='lat' dir='ltr'><strong>cf.</strong></span> <span class='ocrx_word' id='word_1_386' title='bbox 485 4548 543 4618; x_wconf 74' lang='grc' dir='ltr'><strong>μθ</strong></span> <span class='ocrx_word' id='word_1_387' title='bbox 561 4548 699 4618; x_wconf 76' lang='lat' dir='ltr'><strong>appetit</strong></span> 
     </span>
    </p>

    <p class='ocr_par' dir='ltr' id='par_1_15' title="bbox 392 4620 998 4698">
     <span class='ocr_line' id='line_1_43' title="bbox 392 4620 998 4698; baseline 0 -16"><span class='ocrx_word' id='word_1_388' title='bbox 392 4630 411 4698; x_wconf 78' lang='lat'><strong>³)</strong></span> <span class='ocrx_word' id='word_1_389' title='bbox 430 4628 523 4683; x_wconf 81' lang='lat' dir='ltr'><strong>Facile</strong></span> <span class='ocrx_word' id='word_1_390' title='bbox 542 4628 617 4682; x_wconf 92' lang='lat' dir='ltr'><strong>enim</strong></span> <span class='ocrx_word' id='word_1_391' title='bbox 636 4644 670 4682; x_wconf 82' lang='lat' dir='ltr'><strong>ex</strong></span> <span class='ocrx_word' id='word_1_392' title='bbox 687 4620 720 4693; x_wconf 78' lang='grc' dir='ltr'><strong>ἦν</strong></span> <span class='ocrx_word' id='word_1_393' title='bbox 738 4627 906 4683; x_wconf 85' lang='lat' dir='ltr'><strong>subauditur</strong></span> <span class='ocrx_word' id='word_1_394' title='bbox 924 4624 998 4682; x_wconf 75' lang='grc' dir='ltr'><strong><em>εἶναι.</em></strong></span> 
     </span>
    </p>
   </div>
   <div class='ocr_carea' id='block_1_13' title="bbox 0 0 1739 5130">
    <p class='ocr_par' dir='ltr' id='par_1_16' title="bbox 0 0 1739 5130">
     <span class='ocr_line' id='line_1_44' title="bbox 0 0 1739 5130; baseline 0 0"><span class='ocrx_word' id='word_1_395' title='bbox 0 0 1739 5130; x_wconf 95' lang='lat' dir='ltr'><strong> </strong></span> 
     </span>
    </p>
   </div>
  </div>
 </body>
</html>
