3448 5134
707 378 952 445 -103-

186 559 341 626 exeuntis
372 557 514 624 uerbum
545 559 702 642 λαμβάνω
733 556 941 623 referendam
969 579 1043 624 esse
1065 558 1189 644 putem.
1235 554 1353 641 Itaque
1385 575 1467 640 sup-

185 657 344 744 plendum
368 677 442 722 esse
466 658 539 721 τάὸε
564 655 717 721 existimo
742 657 777 720 et
801 655 1012 721 scribendum

672 754 726 817 καὶ
748 755 868 837 πολιῆς
890 755 973 838 τάδε]

185 874 229 919 so.
252 853 290 917 τὰ
312 855 446 918 τάλαντα
474 853 641 935 λαμβάνω.
680 851 765 916 Tum
788 852 944 937 pactione
966 850 1059 918 iacta
1074 852 1240 918 Pataecus
1264 847 1402 914 militem
1425 866 1468 912 ne

186 951 229 1016 ab
254 948 365 1016 officio
390 947 541 1015 discedat
564 948 762 1014 adhortatur

323 1056 376 1124 41.
399 1058 435 1121 τὸ
458 1057 570 1120 λοιπὸν
593 1056 748 1120 included
773 1059 962 1140 στρατιώτης
986 1054 1054 1143 [oto.
1078 1055 1178 1142 ὅπως]

398 1155 553 1238 προπετὲς
575 1150 748 1242 ποησή<ι>ς
770 1155 855 1238 μηδὲ
877 1158 913 1219 ἓν

187 1264 289 1346 atque
312 1260 421 1346 ipsam
438 1259 614 1347 Glyceram
638 1281 669 1324 u.
685 1260 729 1325 42
754 1260 1005 1326 commemorari
1028 1261 1192 1345 expectes,
1220 1260 1254 1324 et
1278 1279 1353 1324 cum
1376 1279 1406 1322 u.
1422 1255 1467 1321 44

184 1358 319 1425 Polemo
351 1357 553 1444 respondeat
580 1359 672 1423 πάλιν
699 1383 726 1421 τι
749 1360 864 1442 πράξω
887 1361 1058 1442 sponsata·
1087 1357 1196 1443 ipsam
1226 1376 1343 1422 uocem
1373 1356 1467 1419 πάλιν

188 1456 231 1523 ad
254 1455 476 1543 supplendum
499 1477 635 1522 uersum
658 1455 808 1522 adhiberi
831 1477 929 1542 posse
953 1456 1094 1522 arbitror
1108 1475 1217 1540 neque
1240 1455 1353 1540 inepte
1370 1451 1468 1518 scribi

1102 1552 1156 1639 [—
1169 1551 1270 1639 ὅπως]

398 1653 552 1736 προπετὲς
574 1649 746 1741 ποήοη<ι>ς
767 1650 881 1740 μ[η]ὄὲ
904 1655 939 1716 ἓν
964 1651 1139 1739 [menopes
1162 1649 1274 1737 πάλιν].

185 1749 272 1815 Nam
302 1750 423 1816 iniuria
445 1749 605 1816 Dniatzko
635 1751 719 1835 μηδὲ
749 1753 783 1815 ἔν
813 1752 960 1815 mutauit
989 1749 1024 1814 in
1054 1751 1166 1836 μηδέν,
1200 1749 1356 1834 quoniam
1379 1746 1469 1812 idem

184 1846 266 1913 illud
296 1849 379 1932 μηδὲ
409 1851 443 1912 ἕν
473 1868 535 1913 nec
565 1869 632 1913 non
660 1849 736 1912 οὐδὲ
759 1851 792 1912 ἓν
820 1847 941 1912 similia
978 1847 1182 1914 sescentiens
1221 1848 1397 1911 occurrunt
1433 1844 1469 1908 in

184 1944 358 2010 Menandri
395 1945 601 2030 fragmentis
633 1945 740 2011 ueluti
768 1945 804 2010 in
834 1947 953 2030 quarto
985 1966 1103 2011 uersus
1137 1944 1221 2030 pede
1254 1942 1292 2008 ir.
1320 1941 1396 2024 65,9
1427 1940 1467 2005 K

187 2042 328 2109 CAFIII
350 2064 381 2129 p.
398 2042 451 2126 22,
475 2041 512 2108 fr.
530 2042 597 2108 548
619 2064 649 2129 p.
667 2043 741 2126 166,
766 2041 804 2109 1ι.
821 2043 884 2109 571
909 2063 939 2128 p.
957 2043 1031 2126 174,
1055 2043 1092 2108 lr.
1109 2041 1174 2110 746
1197 2063 1227 2128 p.
1248 2040 1324 2122 210,
1348 2041 1383 2105 fr.
1401 2038 1466 2105 799

185 2162 215 2226 p.
231 2140 297 2204 219
320 2141 356 2205 in
379 2144 476 2207 sexto
500 2139 583 2227 pede
606 2141 736 2224 1ι.51,2
759 2163 788 2228 p.
811 2142 863 2224 18,
886 2139 924 2206 fr.
944 2140 1007 2207 130
1030 2163 1060 2227 p.
1082 2140 1133 2224 39,
1156 2139 1194 2207 fr.
1215 2139 1315 2222 418,2
1339 2160 1368 2224 p.
1390 2137 1465 2219 122,

184 2236 222 2303 fr.
239 2237 339 2318 466,2
360 2259 391 2324 p.
410 2239 482 2322 133,
507 2238 545 2304 ir.
562 2238 660 2322 535,3
684 2261 714 2325 p.
732 2240 805 2323 159,
830 2239 868 2304 ir.
885 2239 984 2321 571,2
1007 2261 1037 2324 p.
1055 2239 1129 2322 174,
1155 2238 1257 2304 Colax
1273 2237 1325 2303 90.

295 2334 361 2401 Sed
383 2336 451 2402 iam
475 2335 517 2402 ad
542 2357 584 2401 ea
606 2336 711 2401 uerba
726 2358 813 2423 quae
829 2337 964 2402 Polemo
988 2335 1168 2424 respondet
1190 2358 1221 2402 u.
1237 2335 1281 2401 43
1298 2355 1367 2421 sqq.
1389 2354 1466 2419 pro-

185 2453 300 2516 gressa
324 2436 376 2499 est
400 2432 593 2519 disputatio,
625 2434 659 2497 in
691 2434 812 2519 quibus
842 2434 989 2500 facetam
1011 2437 1113 2521 poeta
1137 2433 1342 2516 excogitauit
1361 2431 1467 2497 adno-

184 2532 403 2597 minationem
426 2552 548 2597 uocum
565 2532 721 2596 Ἄπολλον
745 2535 779 2597 et
802 2535 963 2598 ἀπόλωλα.
1009 2535 1119 2618 Atque
1142 2532 1219 2597 inde
1244 2530 1332 2618 quod
1348 2528 1466 2616 Apollo

184 2630 370 2712 innonatur,
395 2629 529 2695 Olivieri
551 2628 570 2695 l.
587 2651 612 2695 s.
637 2630 708 2694 eius
733 2633 866 2713 aram,1)
890 2631 997 2696 ueluti
1012 2631 1047 2695 in
1068 2651 1136 2696 non
1156 2629 1256 2696 nullis
1278 2649 1362 2715 quas
1384 2647 1466 2694 enu-

185 2729 293 2793 merat
308 2747 417 2793 nouae
434 2728 624 2794 comoediae
639 2727 771 2813 fabulis,
796 2728 844 2794 sio
858 2730 894 2794 in
910 2726 1467 2813 Perioiromenaj'quoque*positam

184 2823 218 2888 in
250 2845 374 2890 scaena
403 2825 507 2891 luisse
538 2846 661 2908 magna
692 2846 766 2890 eum
799 2827 870 2891 ueri
901 2826 1010 2912 specie
1042 2825 1217 2892 concludit.
1267 2824 1395 2891 Deinde
1426 2822 1467 2888 de

184 2943 215 2987 u.
231 2921 275 2987 44
300 2921 463 3008 explendo
486 2921 585 2989 ualde
610 2923 735 2989 dubito.
773 2923 861 2989 Nam
879 2922 957 3012 μ[ὴν
973 2922 1061 3013 ὄναρ]
1087 2923 1176 3010 quod
1193 2922 1280 2989 Weil
1295 2921 1468 3010 proposuit

184 3021 295 3085 minus
321 3018 441 3107 placet,
473 3021 552 3106 quia
583 3024 662 3105 ὄναρ
694 3021 803 3107 spatio
834 3023 932 3087 nimis
963 3043 1067 3108 paruo
1101 3021 1274 3087 interiecto
1305 3020 1467 3106 repetitur

184 3137 293 3202 neque
316 3117 438 3184 idonea
467 3121 651 3204 suppetunt
683 3119 836 3206 exempla
866 3120 987 3204 quibus
1010 3120 1190 3186 Britannos
1220 3139 1299 3184 uere
1332 3117 1466 3204 supple·

184 3216 275 3280 uisse
298 3213 444 3303 μ[ήποιε]
469 3213 723 3282 demonstretur.
763 3216 886 3283 Contra
909 3220 1044 3283 constat
1067 3216 1107 3282 de
1124 3237 1206 3282 uoce
1221 3213 1351 3304 μό[νον]
1375 3237 1406 3281 ιι.
1422 3214 1466 3280 45

183 3312 453 3396 redintegranda3
478 3334 564 3400 quae
588 3335 655 3379 uox
679 3335 746 3380 non
770 3336 843 3381 raro
867 3313 1037 3381 inuenitur
1060 3336 1136 3381 oum
1163 3315 1361 3402 imperatiuo
1386 3333 1466 3379 oon-

183 3411 300 3476 iunota
323 3412 361 3476 cl.
385 3411 470 3480 Men.
493 3412 530 3477 ir.
547 3411 647 3494 537,8
661 3411 700 3477 Κ.
726 3412 806 3478 OAF
822 3413 867 3478 III
889 3436 918 3500 p.
939 3413 1002 3479 160

866 3521 969 3604 μόνον
993 3523 1102 3586 δίδου·

397 3617 512 3688 αὐτοὺς
535 3618 597 3701 γὰρ
620 3620 698 3691 ἕξεις
719 3618 793 3689 τοὺς
816 3619 914 3690 θεοὺς
936 3621 1101 3703 ὑπηρέτας.

182 3719 221 3787 ir.
238 3721 280 3787 62
295 3719 335 3786 Κ.
359 3720 441 3788 OAF
455 3723 499 3788 III
521 3746 551 3809 p.
568 3724 608 3788 21
1000 3726 1064 3790 olo'
1088 3727 1194 3792 εἰσιὼν

396 3822 507 3896 πανόν,
523 3823 648 3906 λύχνον,
664 3823 851 3906 λυχνοῦχον,
876 3824 937 3888 ὅτι
959 3825 1089 3908 πάρεστι
1101 3845 1107 3859 ·
1120 3831 1193 3908 φῶς

396 3920 498 4001 μόνον
520 3921 602 3984 πολὺ
624 3921 703 3985 πόει.

182 4021 267 4090 Plat.
284 4023 322 4090 fr.
342 4023 406 4090 128
422 4025 460 4090 K.
485 4025 597 4091 OAFI
620 4049 649 4112 p.
667 4025 732 4091 635

397 4125 478 4206 ἅψαι
501 4124 604 4207 μόνον
627 4125 665 4190 σὺ
688 4128 749 4189 κᾶν
772 4127 877 4209 ἄκρωι
900 4133 955 4191 τοῦ
971 4127 1146 4211 Μορσίμου

182 4226 300 4294 Alexis
323 4227 361 4294 fr.
380 4229 498 4314 172,16
514 4230 553 4295 Κ.
579 4230 705 4297 OAFII
727 4252 758 4317 p.
774 4231 841 4298 360

398 4329 552 4412 ἄνθρωπ’
577 4331 726 4406 ἐπίπαιζε,
752 4332 855 4414 μόνον
878 4332 1081 4416 ἀπαλλάγηθί
1100 4357 1165 4416 μου

184 4453 397 4462 —-——-

291 4522 309 4591 ¹)
328 4521 387 4577 Nec
406 4523 511 4577 desunt
528 4522 646 4578 aliorum
665 4526 812 4579 numinum
830 4541 905 4590 arae,
932 4525 1020 4580 ueluti
1038 4526 1155 4581 Ueneris
1179 4543 1230 4581 ara
1254 4527 1297 4580 est
1322 4526 1350 4579 in
1370 4524 1465 4579 Plauti

183 4599 349 4656 Curculione
376 4601 429 4673 (71)
458 4606 488 4656 et
514 4602 543 4658 in
571 4603 703 4658 Rudente
731 4604 827 4674 (1333),
856 4605 980 4660 Lucinae
1007 4607 1037 4660 in
1064 4606 1235 4661 Truculento
1260 4604 1331 4675 (476)
1356 4605 1465 4660 Dianae

182 4679 323 4752 Ephesiae
341 4682 370 4736 in
389 4682 478 4738 Milite
495 4683 624 4740 Glorioso
644 4683 726 4754 (411),
746 4685 825 4740 Fidei
843 4685 872 4740 iu
890 4685 1035 4741 Aulularia
1054 4685 1115 4757 (584
1128 4702 1188 4758 sqq.
1206 4685 1260 4742 606
1273 4685 1352 4758 sqq).
