3448 5134
720 373 964 439 -109-

203 574 266 640 que
296 551 421 640 profert
451 574 476 618 S.
500 574 531 618 ιι.
555 555 711 637 ἔμβορος·
735 553 858 635 ἠλίθιος
887 553 1010 636 μωρός,
1039 557 1059 636 ἢ
1083 556 1244 637 νοονεχής.
1289 553 1483 636 Μένανδρος

206 653 384 736 Φάσματιῑ)
431 649 524 716 Unde
559 649 648 716 illius
683 649 888 734 temporibus
922 649 1045 732 uulgus
1083 650 1257 737 prouerbii,
1295 650 1382 736 quod
1414 650 1483 716 iam

202 748 375 816 Menandri
405 748 610 834 temporibus
633 748 669 813 in
693 745 887 813 archaismis
910 750 1150 829 numeraretur,
1183 749 1317 814 omnino
1342 747 1482 814 oblitum

202 868 242 914 ac
278 868 322 914 ne
359 844 542 934 philologos
582 845 715 931 quidem
746 865 811 931 quo
842 843 940 911 modo
972 843 1053 910 illud
1081 845 1368 932 interpretandum
1392 848 1483 912 esset

202 945 341 1010 sciuisse
365 942 423 1010 sed
453 944 489 1010 in
512 944 597 1010 duas
626 945 740 1029 partes
772 941 964 1008 discessisse
987 945 1091 1029 patet.
1137 942 1284 1024 Quarum
1310 964 1352 1010 ex
1375 943 1483 1009 altera

202 1043 298 1109 stetit
327 1041 524 1109 Pausanias
563 1041 656 1108 cuius
694 1040 800 1107 uerba
837 1039 1037 1107 Eustathius
1072 1039 1092 1106 l.
1116 1062 1140 1108 e.
1175 1040 1284 1108 adfert
1323 1043 1401 1108 ὅθεν
1439 1045 1482 1114 εἰς

200 1143 381 1226 παροιμίαν,
410 1143 496 1224 φησί,
527 1142 684 1223 περιέστη·
709 1141 850 1223 ἔμβαρος
873 1139 903 1203 εἴ
921 1141 1056 1206 τουτέστι
1078 1143 1241 1224 νουνεχής,
1265 1141 1424 1225 φρόνιμος
1447 1143 1483 1206 et

200 1238 427 1323 Diogenienus
451 1238 523 1304 siue
549 1239 620 1324 ipse
643 1235 832 1324 Hesychius
857 1257 882 1302 e.
897 1257 929 1302 ιι.
953 1239 1013 1302 οὐκ
1030 1237 1196 1322 Ἔμβαρος
1219 1237 1261 1303 εἴ·
1279 1241 1318 1303 οὐ
1334 1246 1483 1322 φρονεῖς·

201 1338 265 1402 ἀπὸ
287 1344 343 1421 τῆς
366 1337 534 1421 Ἐμβάροο
559 1338 757 1420 φρονήσεως.
804 1333 870 1401 Sed
901 1334 958 1420 qui
989 1333 1032 1399 ab
1055 1333 1164 1401 altera
1193 1338 1290 1421 parto
1314 1338 1483 1402 steterunt

201 1453 348 1521 quanam
377 1433 508 1500 ratione
542 1432 595 1498 usi
625 1435 768 1517 ἔμβαρος
799 1432 839 1498 de
875 1432 1066 1498 amentibus
1090 1431 1154 1498 dici
1177 1433 1483 1500 demonstrauerint
1597 1501 1599 1506 ,

201 1532 334 1597 omnino
369 1531 572 1615 ignoramus
616 1529 703 1596 Nam
738 1529 930 1616 Apostolius
962 1529 1089 1595 V1110
1123 1531 1342 1614 Peroemiogr.
1375 1529 1483 1598 Grll

200 1651 230 1717 p.
247 1629 366 1714 397,1,
392 1627 432 1694 de
460 1632 528 1714 'quo
553 1628 590 1694 cf.
606 1626 711 1693 Hiller
732 1627 1022 1711 Phfl01.34,1876
1053 1651 1083 1714 p.
1099 1628 1164 1694 226
1178 1649 1257 1715 sqq,
1290 1628 1372 1694 nihil
1402 1629 1482 1694 fecit

200 1726 265 1793 nisi
289 1725 424 1792 Suidam
451 1725 626 1811 exscripsit
650 1729 684 1792 st
706 1727 739 1792 id
764 1724 896 1812 quidem
919 1728 1019 1792 tanta
1042 1747 1118 1792 cum
1140 1726 1355 1811 neglegentia
1378 1729 1481 1813 atque

199 1824 360 1907 socordia,
396 1827 436 1890 ut
470 1824 601 1889 omissis
631 1823 743 1890 uerbis
775 1826 874 1908 αὐτὴν
895 1825 956 1908 μὲν
985 1826 1172 1908 ἀπέκρυψεν
1200 1827 1233 1890 ἐν
1265 1831 1322 1890 τῶι
1352 1826 1480 1899 ἀόάτωι,

200 1926 273 2007 σῖγα
290 1923 325 1988 δὲ
341 1925 450 2007 ἐσθῆτι
464 1924 631 2007 κοσμήσας
646 1925 692 1994 ὡς
707 1923 763 2006 τὴν
778 1924 939 2006 θυγατέρα
949 1931 954 1940 ”
963 1942 1100 1988 sensum
1116 1923 1250 1989 omnino
1272 1921 1480 2008 deprauarot.

200 2021 270 2086 Nec
293 2020 474 2106 quidquam
497 2020 644 2086 efficitur
658 2042 701 2087 ex
724 2020 772 2086 eis
789 2040 875 2106 quae
891 2018 1017 2086 tradita
1033 2020 1163 2085 suntin
1187 2019 1369 2106 adpendice
1393 2040 1480 2106 quae

201 2117 319 2185 dicitur
340 2118 590 2204 prouerbiorum
613 2119 642 2184 11
664 2119 709 2185 54
731 2119 949 2201 Paroemiogr.
967 2116 1050 2184 (inl
1072 2140 1102 2205 p.
1118 2117 1194 2198 402,
1209 2118 1229 2183 8
1242 2139 1312 2204 sqq.

307 2216 434 2282 Deinde
458 2215 547 2302 quod
572 2217 661 2303 apud
685 2216 902 2283 Eustathium
924 2215 943 2281 l.
959 2238 984 2282 s.
1010 2216 1169 2303 scriptum
1191 2217 1346 2282 uidemus
1369 2217 1481 2298 Βάρος

201 2315 236 2379 δὲ
259 2315 468 2399 ἢἘμβαρος,
502 2335 571 2379 non
602 2314 667 2379 nisi
682 2315 847 2399 Ἔμβαρος
876 2335 995 2380 usmm
1026 2335 1099 2380 esse
1132 2335 1174 2381 ex
1202 2314 1274 2400 ipso
1306 2313 1479 2400 prouerbio

201 2431 398 2496 quocunque
421 2410 519 2477 modo
548 2414 601 2477 est
621 2411 910 2498 interpretandum
941 2432 1130 2495 cognosces.
1175 2411 1244 2477 Nec
1268 2411 1403 2477 difficile
1428 2415 1481 2477 est

200 2508 372 2575 intellectu
405 2529 472 2594 qua
494 2509 624 2575 ratione
648 2508 682 2574 id
705 2508 794 2595 quod
818 2512 871 2575 est
893 2510 1056 2576 traditum
1079 2514 1189 2576 ortum
1213 2510 1265 2575 sit.
1312 2510 1480 2576 Librarius

201 2607 288 2672 enim
323 2607 459 2693 quidam
493 2628 552 2693 pro
579 2608 745 2691 Ἕμβαρος
778 2606 955 2694 scripserat
977 2608 1098 2693 Βάρος,
1133 2607 1167 2673 id
1198 2607 1289 2694 quod
1323 2607 1479 2675 facillime

199 2707 332 2790 poterat
353 2704 437 2787 fieri,
462 2709 497 2771 et
520 2708 684 2772 corrector
699 2705 834 2791 quidam
850 2726 966 2772 ueram
981 2705 1158 2772 lectionem
1174 2727 1276 2792 supra
1292 2707 1479 2792 scripserat.

199 2800 231 2866 Is
254 2823 334 2868 uero
363 2804 419 2889 qui
446 2806 565 2889 postea
593 2803 738 2870 codicem
767 2802 941 2890 descripsit
967 2824 1003 2870 ro
1030 2825 1099 2869 non
1127 2809 1301 2890 perspecta
1324 2806 1436 2888 Βάρος
1458 2808 1478 2889 ἢ

192 2901 357 2984 Ἔμβορος
391 2900 426 2966 in
460 2903 593 2967 textum
628 2922 727 2988 quem
758 2904 881 2968 nocent
918 2902 1051 2989 recepit.
1106 2903 1213 2983 Quam
1256 2901 1479 2987 corruptelam

200 2999 302 3064 etiam
335 2997 371 3062 in
402 2997 525 3064 Suidae
560 2999 760 3084 quibusdam
795 2998 962 3065 codicibus
996 2999 1101 3066 fuisse
1132 3000 1259 3066 efficies
1292 3021 1334 3066 ex
1363 3001 1480 3086 inepta

199 3094 257 3160 illa
279 3094 405 3179 glossa,
438 3117 525 3182 quae
548 3099 643 3162 extat
666 3119 691 3162 s.
707 3120 739 3162 u.
762 3098 873 3180 Βάρος
896 3097 946 3180 (cf.
969 3097 1165 3184 chhardy
1189 3096 1238 3163 ed.
1256 3119 1281 3163 e.
1298 3105 1339 3181 u.)
1375 3101 1479 3182 ὄνομα

199 3196 325 3277 κύριον·
357 3195 397 3278 ἦν
432 3195 467 3258 δὲ
501 3196 616 3278 ἱερεύς·
647 3197 700 3259 καὶ
735 3198 818 3280 ζήτει
850 3197 908 3280 τὴν
941 3197 1013 3278 περὶ
1046 3198 1158 3261 τούτου
1190 3198 1327 3281 ἱστορίαν
1358 3199 1391 3261 ἑν
1420 3203 1480 3262 τῶι

192 3292 359 3376 Ἔμβορός
380 3295 452 3376 εἰμι.
498 3291 585 3357 Nam
608 3313 687 3360 eum
710 3293 767 3378 qui
788 3292 853 3359 hoc
880 3291 1056 3379 adscripsit
1078 3293 1113 3358 in
1137 3293 1260 3360 Suidae
1284 3314 1345 3359 suo
1369 3293 1479 3359 codice

198 3410 223 3454 s.
240 3411 271 3457 u.
288 3390 453 3474 Ἔμβαρος
475 3389 594 3472 legisse
610 3391 722 3474 Βάρος
737 3392 930 3476 ἢἜμβαρος
954 3392 1010 3456 uix
1033 3392 1219 3475 negaueris.
1265 3394 1314 3458 Ac
1335 3390 1480 3458 forsitan

198 3486 283 3552 haec
306 3487 493 3573 corruptela.
514 3488 584 3553 iam
606 3487 642 3553 in
676 3489 780 3574 ipsius
802 3488 993 3556 Pausaniae
1017 3488 1185 3556 codicibus
1209 3489 1369 3574 extiterit,
1400 3489 1480 3555 licet

197 3583 281 3650 nihil
312 3585 393 3651 certi
423 3584 601 3651 adfirmare
629 3587 803 3672 possimus.
850 3586 915 3652 Sed
939 3593 978 3652 ut
1002 3586 1173 3672 adipsum
1197 3607 1269 3652 rem
1293 3586 1476 3672 adgrediar,

199 3680 239 3748 de
268 3683 316 3748 cis
345 3683 446 3749 rebus
477 3704 564 3770 quae
600 3682 643 3749 ad
666 3683 794 3749 Dianae
826 3686 996 3770 pertinent
1026 3683 1163 3768 cultum,
1199 3683 1300 3750 uelim
1324 3683 1477 3750 conferes

199 3780 234 3846 0.
250 3779 376 3863 Miller,
400 3781 462 3848 Dis
478 3781 622 3848 Dorierl
644 3802 675 3867 p.
693 3781 758 3846 384
782 3784 818 3847 et
831 3781 962 3866 Preller,
988 3780 1198 3848 Griechische
1215 3780 1418 3868 Mythologie
1435 3781 1478 3847 *Ι

197 3898 227 3964 p.
244 3878 306 3944 311
321 3899 391 3964 sqq.
437 3878 537 3945 Cuius
573 3880 655 3945 deae
690 3879 875 3945 sacerdotio
911 3880 940 3945 si
969 3901 1004 3946 re
1031 3885 1117 3946 'uera
1144 3879 1307 3946 Embarus
1342 3879 1478 3966 quidem

198 3975 270 4041 siue
309 3976 380 4041 eius
417 3977 540 4061 posteri
580 3980 697 4044 essent
733 3976 854 4061 functi,
898 3998 1020 4044 nomen
1051 3978 1217 4062 Ἔμβαρος
1255 3977 1365 4063 aliquo
1405 3978 1476 4044 loco

198 4093 366 4139 occurrere
402 4078 567 4158 expectes
603 4067 687 4141 'Sed
721 4096 924 4160 quamquem
960 4097 1076 4142 omnes
1111 4077 1326 4162 quotcunque
1358 4079 1478 4141 extant

197 4170 322 4236 indices
353 4172 678 4258 inscriptionesqueq
709 4175 937 4258 perscrutatus
962 4195 1037 4239 sum
1060 4193 1227 4260 nusquam
1250 4172 1332 4238 illud
1354 4193 1477 4238 nomen

196 4268 334 4355 repperi.
380 4271 430 4335 Ac
460 4270 596 4335 tametsi
629 4292 671 4336 ex
701 4270 832 4336 silentio
864 4291 950 4356 quae
982 4273 1063 4336 sunt
1093 4270 1250 4337 conclusa
1283 4292 1324 4336 ea
1347 4290 1476 4355 semper

305 4429 324 4495 ¹)
343 4427 378 4485 cl.
397 4427 432 4483 fr.
445 4427 499 4484 502
516 4428 550 4484 K.
563 4429 632 4484 GAF'
643 4430 681 4484 111
698 4446 726 4501 p.
741 4429 799 4485 144.

304 4510 323 4579 ²)
341 4505 469 4579 Εμβάρηι
493 4509 597 4578 legitur
619 4509 679 4564 01&
696 4508 791 4565 acted
810 4510 845 4579 511
862 4526 890 4580 p.
905 4509 983 4580 1086)
1001 4534 1038 4554 =
1054 4510 1161 4565 IGIMA
1179 4510 1217 4564 111
1242 4508 1360 4563 N0.437
1383 4525 1410 4580 p.
1425 4509 1477 4564 103

188 4584 313 4660 ”haupts
331 4588 414 4660 Oxyr.
434 4588 503 4657 Pap.
521 4588 534 4642 I
552 4604 578 4659 p.
590 4587 662 4654 91,2
680 4589 733 4645 No.
745 4590 790 4644 43.
819 4588 923 4661 Ἔμβρη
948 4590 1057 4646 Griech.
1075 4591 1228 4646 Urlrundcn
1255 4605 1306 4643 uus
1325 4588 1474 4660 Asgypten

196 4683 222 4721 a.
237 4668 262 4722 d.
276 4668 302 4722 k.
315 4668 442 4723 Mussum
460 4669 532 4723 Berl.
551 4668 566 4722 I
583 4668 635 4723 Nc.
651 4669 710 4734 106,
719 4669 747 4726 4.
