3448 5134
793 359 1014 425 -98-

262 536 298 602 in
322 537 439 602 eodem
456 537 566 604 codice
581 535 705 602 falsam
720 536 898 603 lectionem
913 541 1035 603 πολλῶι
1050 543 1089 603 ἂν
1105 543 1170 623 εἴης
1187 539 1339 607 extitisse
1354 543 1545 626 putauerim

264 634 313 716 (of.
337 634 486 701 Britann.
517 657 547 721 p.
574 635 614 701 19
646 656 675 701 a.
699 635 730 700 lr.
753 634 792 717 l).
840 638 949 720 Atque
981 636 1023 701 ad
1055 635 1256 722 explendum
1288 639 1378 704 hunc
1408 660 1544 706 uersum

263 733 411 799 omnium
427 733 691 798 coniecturarum
708 736 874 819 quotquot
889 735 951 798 uiri
965 734 1056 800 docti
1070 739 1315 820 proposuerunt
1335 737 1543 804 coniecturas

261 831 361 916 longe
392 830 567 917 aptissima
598 833 651 896 est
682 851 783 917 quam
810 830 1020 897 Piccolomini
1053 831 1191 918 protulit
1222 837 1310 916 ἄγετε
1343 833 1410 922 [τὴν
1440 835 1480 901 ὗν
1510 839 1544 902 ἐν

261 927 371 1016 τάχει],
397 929 555 1014 quoniam
577 928 718 994 uerbum
742 931 829 1013 ἄγειν
852 929 892 994 de
916 928 1034 995 hostiis
1058 929 1269 996 immolandis
1293 930 1427 1016 dicitur3
1456 955 1542 1020 quae

262 1026 463 1111 significatio
495 1046 569 1092 cum
602 1025 642 1092 de
666 1047 701 1092 re
726 1026 840 1093 diuina
861 1026 1016 1093 facienda
1039 1031 1160 1110 agatur
1185 1030 1308 1115 optime
1336 1031 1481 1116 quadrat
1504 1031 1542 1098 cf.

260 1147 290 1213 p.
308 1126 359 1192 79.
398 1124 464 1190 Sed
487 1123 606 1190 melius
630 1145 731 1210 quam
754 1129 787 1190 ἓν
806 1128 891 1209 τάχει
915 1126 1099 1211 scripserim
1121 1134 1186 1198 τοῖς
1201 1129 1290 1199 θεοῖς
1314 1127 1353 1193 cf.
1369 1127 1544 1194 Menandri

261 1245 379 1289 uersus
401 1222 422 1288 l.
446 1244 471 1287 s.
495 1224 686 1309 exscriptos.

349 1342 381 1387 υ.
405 1321 448 1388 27
464 1321 561 1386 Doris
577 1321 684 1407 pergit
705 1323 760 1386 καὶ
781 1322 847 1406 μὴν
863 1323 989 1406 ἔμελλεν
1005 1324 1116 1396 ἐξιέναι
1133 1323 1151 1386 ὃ
1167 1360 1212 1370 -
1226 1361 1270 1368 -
1287 1321 1347 1388 Oui
1361 1325 1542 1408 respondet

260 1418 396 1485 Polemo
421 1420 531 1496 αὐτός,Ι
554 1422 583 1483 τί
597 1420 657 1503 γὰρ
680 1421 784 1503 πάθηι
806 1445 865 1496 τις,·
890 1422 924 1484 et
946 1419 1059 1504 paullo
1075 1422 1152 1506 post
1168 1420 1302 1486 domum
1318 1421 1411 1504 fugit.
1446 1420 1541 1487 Unde

260 1516 479 1583 manifestum
503 1518 556 1581 est
578 1518 685 1582 uereri
707 1515 801 1582 illum
825 1515 979 1598 congredi
1002 1514 1078 1582 cum
1102 1538 1140 1583 eo
1157 1538 1256 1602 quem
1279 1539 1353 1584 esse
1374 1521 1541 1585 exiturum

261 1613 383 1682 ancilla
406 1613 504 1679 modo
519 1613 692 1680 nuntiarit.
738 1615 841 1700 Atqui
863 1613 952 1680 infra
975 1637 1005 1680 u.
1030 1615 1071 1680 31
1095 1636 1130 1680 re
1155 1636 1237 1681 uera
1253 1615 1421 1698 egreditur
1435 1621 1540 1703 pater.

260 1712 347 1796 llrgo
370 1711 460 1778 hune
480 1712 577 1777 timet
599 1711 694 1777 miles
718 1715 753 1778 et
776 1712 860 1778 bene
885 1734 915 1777 u.
939 1713 983 1780 27
1007 1711 1160 1799 expletus
1184 1718 1238 1778 est
1261 1712 1315 1801 ὁ[ὴ
1339 1718 1389 1798 χώ
1412 1715 1540 1802 πατήρ]

261 1811 331 1877 Νθθ
364 1831 433 1876 non
467 1831 535 1896 qua
569 1809 609 1876 de
645 1830 749 1876 causa
781 1815 911 1895 patrem
935 1811 1061 1875 amicae
1086 1811 1205 1876 timeat
1229 1811 1383 1896 adparet:
1418 1814 1541 1878 metuit

262 1911 351 1976 enim
373 1929 416 1974 ne
439 1907 494 1973 ille
517 1907 624 1973 filiam
648 1929 669 1973 a
692 1929 729 1973 se
752 1906 914 1974 uiolatam
938 1907 1134 1992 ulciscatur3
1167 1911 1269 1994 atque
1292 1911 1423 1992 ignorat
1445 1911 1540 1977 illum

259 2007 471 2073 matrimonio
496 2027 571 2072 cum
595 2004 736 2092 Glycera
757 2005 909 2071 faciendo
936 2027 1005 2072 non
1036 2006 1134 2072 modo
1165 2027 1233 2073 non
1257 2007 1391 2074 obstare
1422 2029 1539 2075 uerum

260 2105 363 2171 etiam
385 2104 509 2187 fauere,
534 2103 567 2168 id
591 2103 678 2189 quod
701 2103 808 2186 Doris,
832 2124 919 2190 quae
943 2126 973 2171 u.
1001 2104 1041 2169 15
1064 2105 1201 2170 Pataeci
1217 2104 1314 2171 domo
1331 2127 1466 2188 egressa
1488 2106 1539 2174 dis

259 2204 356 2288 quasi
368 2223 402 2268 re
418 2202 504 2267 bene
520 2204 616 2285 gesta
631 2203 743 2284 grates
760 2201 909 2283 agendas
926 2223 999 2267 esse
1017 2200 1114 2286 dicat,
1133 2203 1205 2267 sine
1219 2200 1319 2269 dubio
1333 2206 1539 2290 compertum

258 2301 372 2384 habet,
406 2297 465 2366 scd
494 2299 651 2365 nuntiare
683 2321 722 2364 ao
755 2299 844 2385 quod
875 2321 950 2364 erus
973 2300 1152 2366 interfatur
1173 2300 1374 2387 prohibetur.
1420 2302 1538 2388 Itaque

258 2422 290 2465 u.
315 2399 358 2464 28
382 2401 527 2464 exeunte
552 2398 759 2483 desperantis
782 2398 887 2464 uerba
911 2419 976 2464 non
1001 2398 1078 2464 huic
1102 2419 1189 2484 quae
1213 2419 1271 2465 cur
1293 2397 1448 2485 desperet
1469 2420 1538 2465 non

257 2497 391 2563 habeat.
408 2500 489 2562 sunt
512 2495 690 2562 tribuenda
713 2517 775 2562 nec
798 2496 827 2561 ὦ
850 2497 974 2580 τάλ[αιν’
997 2497 1071 2580 ἐγώ]
1097 2494 1280 2578 scribenda,
1306 2497 1364 2562 sed
1389 2519 1410 2562 a
1433 2496 1538 2564 milite

258 2617 299 2661 ea
329 2595 434 2660 uerba
465 2593 644 2660 exclamari
674 2596 771 2679 patet
793 2594 943 2678 uitullus
966 2595 1049 2677 ἐγώ].
1096 2593 1159 2674 Qui
1189 2593 1284 2659 miles
1316 2615 1398 2660 uera
1427 2615 1538 2660 rerum

258 2713 298 2759 ac
328 2694 482 2758 fortunae
521 2690 712 2758 condicione
751 2691 900 2757 nondum
939 2693 1080 2775 cognita,
1113 2694 1153 2756 ut
1183 2696 1235 2757 est
1270 2693 1404 2758 omnino
1437 2693 1537 2758 unius

259 2791 419 2876 cuiusque
462 2791 620 2876 temporis
663 2791 824 2855 momenti
867 2789 1016 2856 adfectui
1054 2793 1088 2854 et
1130 2790 1301 2875 iniquitati
1339 2790 1537 2876 obsequens

258 2908 390 2954 omnem
413 2887 516 2954 abicit
539 2908 631 2973 spem
655 2890 757 2973 atque
781 2886 924 2972 deponit.
971 2888 1194 2952 Personarum
1215 2887 1414 2953 mutationis
1437 2888 1537 2970 igitur

257 2987 388 3069 signum
412 3008 443 3050 u.
468 2985 621 3050 asinar
646 2986 722 3048 ΤΙΣ
742 2986 777 3050 et
800 2985 920 3050 ΩΤΑΛ
943 2985 1065 3050 iniuria
1080 2986 1227 3070 positum
1250 2989 1302 3050 cst
1318 3006 1339 3050 a
1355 2989 1536 3052 correctore

257 3096 292 3150 et
314 3089 481 3169 εἰσέρχεται
496 3085 660 3167 Πολέμων
684 3082 727 3148 ad
751 3104 827 3148 eum
852 3085 908 3168 qui
931 3083 1082 3168 sequitur
1103 3104 1239 3148 uersum
1256 3085 1328 3149 erat
1343 3081 1536 3149 adscriben-

258 3183 344 3248 dum.
391 3184 501 3267 Atque
526 3202 600 3247 cum
624 3204 655 3247 u.
672 3182 715 3247 30
738 3185 847 3264 εἴσειμι
861 3182 961 3264 καύτὴ
978 3181 1221 3265 delusorium&
1242 3201 1340 3247 nemo
1361 3180 1426 3246 nisi
1440 3180 1536 3247 Doris

258 3281 365 3367 possit
386 3280 613 3366 pronuntiare,
637 3277 724 3344 falso
749 3281 911 3344 corrector
926 3278 1171 3364 paragraphum
1191 3283 1269 3364 post
1284 3300 1315 3343 u.
1332 3277 1375 3343 29
1391 3279 1536 3365 positam

258 3377 366 3444 delere
390 3377 528 3443 studuit.
575 3376 646 3441 Iam
677 3375 717 3442 do
749 3377 821 3463 ipso
853 3399 884 3441 u.
912 3376 955 3442 29
991 3376 1142 3442 sanando
1175 3377 1439 3463 desperauerunt
1473 3377 1536 3441 uiri

257 3475 345 3541 docti
375 3496 437 3540 neo
467 3477 584 3540 tamen
616 3494 677 3539 suo
707 3474 786 3540 iure.
832 3473 918 3540 Nam
951 3474 979 3538 si
1010 3495 1085 3539 curn
1116 3474 1180 3539 hoc
1204 3472 1277 3538 loco
1301 3493 1411 3539 nouae
1435 3494 1537 3559 quam

259 3573 468 3659 adpellamus
492 3570 682 3638 comoediae
706 3571 1007 3659 comparauerimus
1030 3571 1197 3656 reliquiae,
1228 3571 1399 3656 inprimis
1423 3570 1535 3637 Plauti

257 3693 297 3738 ac
327 3672 462 3738 Terenti
498 3669 643 3753 fabulas
684 3669 808 3755 aliquid
846 3669 990 3735 fortasse
1021 3669 1242 3756 proficiamus.
1296 3669 1415 3754 Incipit
1446 3669 1536 3734 enim

254 3770 331 3835 inde
364 3792 385 3835 a
412 3792 443 3835 u.
468 3769 508 3835 31
541 3788 632 3833 noua
662 3765 828 3853 quaedam
859 3788 996 3849 scaena,
1029 3789 1096 3853 qua
1130 3787 1255 3832 scaena
1286 3787 1361 3832 cum
1393 3765 1535 3852 Glycera

254 3867 422 3933 inducitur
443 3865 611 3932 Pataecus
634 3868 737 3951 pater.
784 3863 889 3944 Quem
905 3864 1129 3931 aduenturum
1153 3885 1226 3930 esse
1242 3865 1419 3929 nuntiatur
1434 3886 1465 3931 u
1482 3863 1534 3929 27.

255 3966 305 4030 Αθ
333 3963 420 4048 fugit
452 3985 527 4028 eum
558 3961 694 4028 Polemo
725 3962 857 4028 locutus
887 3984 919 4027 u.
947 3962 990 4028 28
1019 3966 1053 4028 et
1084 3963 1135 4045 29,
1172 3966 1207 4028 et
1236 3961 1272 4027 in
1302 3983 1334 4028 u.
1365 3963 1409 4030 29
1439 3963 1534 4028 uocis

253 4064 381 4147 dldlpav
408 4082 466 4147 pro
498 4063 588 4126 certo
621 4065 833 4143 agnouerunt
854 4059 1007 4127 Britanni
1034 4061 1187 4143 uestigia.
1232 4059 1302 4125 Nec
1331 4079 1401 4125 uon
1431 4060 1534 4126 talem

254 4189 364 4234 rerum
387 4188 551 4234 conexum
582 4168 789 4233 sescentiens
821 4168 974 4233 inuenies
1009 4166 1099 4252 apud
1133 4167 1294 4233 Maccium
1330 4170 1366 4232 et
1403 4165 1532 4252 Afrum,

254 4267 461 4333 sescentiens
483 4265 573 4349 leges
596 4286 714 4331 uersus
737 4264 855 4330 horum
878 4263 1015 4330 similes:

252 4363 362 4431 Plaut.
377 4362 452 4429 Aul.
468 4363 533 4430 665
561 4364 672 4429 ‘Attat
687 4362 767 4428 foris
780 4363 915 4449 crepuit,
934 4382 1037 4427 senex
1050 4383 1163 4428 eccum
1176 4383 1295 4428 aurum
1306 4360 1411 4428 ecfert
1421 4361 1533 4428 foras?

253 4462 372 4530 Bacclr
396 4461 462 4527 234
564 4459 642 4526 ‘Sed
671 4459 751 4526 foris
783 4461 974 4545 concrepuit
996 4462 1124 4543 nostra,
1156 4460 1293 4545 quinam
1317 4459 1387 4525 exit
1409 4459 1533 4526 foras‘l'

394 4559 520 4645 elosq.
566 4557 644 4624 ‘Sed
665 4557 732 4624 huc
755 4557 945 4638 concedam,
968 4578 1049 4624 nam
1073 4559 1337 4643 concrepuerunt
1358 4557 1454 4622 fores.

565 4655 805 4722 Mnesilochum
828 4675 942 4721 eccum
966 4657 1117 4720 maestus
1141 4654 1347 4742 progreditur
1369 4653 1479 4720 forae?
