3442 5130
714 352 937 417 ..21-

185 533 278 613 Quae
308 532 428 598 iniuria
437 534 459 614 1)
499 529 607 618 qualis
644 529 705 614 sit,
745 531 834 596 recte
866 528 1026 615 explanat
1054 528 1238 596 Fridericus
1269 528 1375 612 Blass,
1403 529 1465 598 Lit

184 629 367 696 Contu-Bt
396 630 484 696 1898
515 627 672 696 οο1776ε
711 626 808 694 ‘Was
846 626 909 692 soll
948 625 1000 694 die
1034 629 1087 708 (sc.
1119 625 1280 711 Geliebtc)
1321 624 1464 712 denken,

184 749 286 795 wenn
319 748 410 794 zwar
444 725 496 792 die
526 725 687 794 Hoohzeit
717 723 908 792 schlielilich
938 746 979 790 zu
1010 722 1149 792 Wasser
1179 724 1272 808 wird,
1304 725 1352 790 sie
1384 724 1466 791 aber

184 824 297 892 wodor
318 824 457 891 hiervon
478 826 514 890 in
536 823 704 890 Kenntnis
728 825 858 907 gesetzt
880 823 965 890 wird
987 823 1074 889 noch
1097 823 1180 889 iiber
1195 822 1287 890 scine
1303 823 1466 890 welteren

183 923 388 990 Absichten’.
423 923 476 988 Ad
491 924 634 989 amicam
648 921 749 1006 igitur
764 942 800 987 se
816 920 974 1005 conferre,
1000 919 1079 1007 quid
1094 921 1139 987 sit
1153 921 1282 988 factum
1298 941 1463 1005 enarrare,

77 1059 79 1068 ·
182 1020 356 1088 consulere
391 1020 470 1106 quid
504 1021 548 1086 sit
582 1019 773 1086 faciendum
807 1017 982 1085 constituit
1017 1017 1222 1084 adulescens
1274 1017 1340 1085 Sed
1374 1016 1463 1086 iores

182 1117 314 1205 pulsare
338 1119 407 1185 iam
431 1116 487 1185 diu
511 1117 661 1184 dubitat:

397 1223 574 1322 [uolutanti
600 1235 635 1298 δὲ
656 1235 783 1317 μέλλων
805 1234 862 1317 τὴν
884 1234 992 1317 θύραν
1019 1235 1107 1298 ὀκνῶ
1130 1234 1264 1316 adl-urst)

397 1329 479 1420 [odln
503 1332 574 1397 οῖδα
598 1333 659 1415 γὰρ
681 1331 736 1396 τὸν
760 1331 899 1415 ἀδελφὸν
923 1334 952 1396 εἰ
971 1338 1029 1396 νῦν
1052 1333 1087 1406 ἕξ
1110 1333 1212 1416 ἀγροῦ

396 1427 530 1519 [tlrddd’
555 1431 707 1514 ἐπιδημεῖ.

181 1546 293 1631 Atque
316 1544 406 1611 huno
428 1544 567 1611 fratrem
589 1565 658 1610 non
687 1565 761 1611 esse
788 1531 893 1632 ipsius
916 1543 1151 1627 adulescentis,
1174 1544 1209 1610 id
1232 1543 1321 1630 quod
1343 1543 1464 1610 Kaibel

180 1641 200 1709 1.
213 1664 239 1710 s.
254 1664 284 1729 p.
296 1642 358 1708 151
377 1643 544 1730 opinatur,
561 1642 621 1709 sed
637 1643 765 1709 amicae
779 1664 853 1708 esse
864 1644 968 1728 patet
999 1640 1087 1708 Nam
1103 1641 1310 1708 adulescenti
1327 1643 1461 1708 omnino

181 1762 256 1807 esse
279 1740 418 1807 fratrem
441 1740 518 1807 alibi
543 1762 711 1828 nusquam
736 1745 787 1808 est
810 1739 972 1806 traditum
995 1761 1058 1806 nec
1081 1761 1183 1826 quare
1207 1741 1278 1806 eius
1302 1739 1461 1807 hocloco

182 1839 393 1921 meminiret,
410 1837 530 1905 Kaibel
545 1839 673 1925 probat.
705 1839 829 1905 Oontra
852 1838 979 1905 amicae
995 1837 1134 1905 fratrem
1156 1837 1224 1903 ruri
1240 1836 1291 1921 (of.
1309 1841 1345 1914 ἐξ
1360 1842 1461 1923 ἀγροῦ

181 1957 211 2004 u.
236 1937 286 2019 18)
311 1936 489 2004 Oleaeneto
513 1937 676 2020 agricolae
700 1956 835 2023 operam
849 1937 978 2003 locasse
999 1936 1117 2002 Dauus
1140 1957 1170 2002 u.
1185 1935 1229 2002 46
1246 1958 1316 2024 sqq.
1337 1938 1460 2002 namet

180 2033 286 2114 Quem
297 2033 436 2101 fratrem
448 2055 505 2100 our
517 2034 714 2102 adulescens
726 2035 855 2120 timeat,
869 2055 967 2100 nemo
980 2037 1033 2100 θεῖ
1046 2035 1102 2120 qui
1113 2034 1251 2100 nesciat.
1274 2033 1461 2100 Periculum

180 2133 270 2198 enim
293 2134 353 2208 θεῖ,
376 2154 419 2199 ne
442 2132 497 2199 ille
521 2133 584 2199 hoo
606 2133 678 2220 ipso
703 2135 853 2220 tempore
877 2131 966 2199 adsit
989 2131 1077 2198 domi
1096 2153 1183 2198 neue
1200 2131 1459 2216 adulescentem,

179 2231 237 2316 qui
271 2231 373 2297 sorori
407 2231 476 2296 uim
511 2230 660 2296 intulerit
695 2234 814 2317 antea,
854 2251 943 2296 nunc
977 2228 1096 2296 ducere
1132 2229 1273 2296 eandem
1308 2229 1461 2296 dubitare

179 2328 344 2411 uideatur,
368 2330 429 2394 aut
451 2328 572 2394 iudicio
595 2332 816 2414 persequatur
839 2331 900 2394 aut
925 2328 960 2394 ui
982 2326 1176 2412 ulciscatur;
1208 2327 1247 2394 oi.
1279 2348 1365 2414 quae
1396 2328 1460 2394 hae

179 2424 220 2492 de
250 2446 286 2492 re
317 2425 545 2492 disseruerunt
571 2425 723 2492 Britanni
749 2447 779 2512 p.
806 2427 857 2509 18,
889 2425 1049 2492 Dziatzko
1077 2446 1107 2511 p.
1132 2425 1197 2491 505
1222 2447 1291 2512 sqq.
1341 2425 1459 2512 ltaque

177 2523 384 2609 adulescens,
417 2526 456 2588 ut
485 2524 606 2589 iterum
637 2523 779 2590 eandem
808 2545 878 2590 rem
902 2523 1072 2606 deliberet,
1096 2544 1219 2590 scaena
1242 2524 1324 2590 exit:

393 2637 477 2728 [ἁ]11’
508 2641 658 2705 ἐκποδὼν
681 2642 789 2724 ἄπειμι
811 2643 866 2704 καὶ
888 2643 1103 2725 βουλεύσομαι

389 2741 474 2804 ror'rr’
500 2741 588 2813 οὔδ’,
612 2739 703 2810 ὅπως
727 2739 777 2802 δεῖ
796 2739 960 2822 διαφυγεῖν
982 2739 1101 2823 μετὸν
1124 2740 1237 2822 γάμον.

285 2854 396 2940 Atque
419 2855 454 2920 in
477 2853 594 2920 urbem
617 2853 751 2940 quidem
774 2874 850 2919 eum
878 2854 969 2920 abire
993 2853 1098 2919 firmis
1126 2855 1332 2936 argumentis
1357 2854 1459 2920 euicit

177 2950 336 3018 Dziatzko
359 2972 390 3037 p.
407 2952 472 3018 507
496 2951 571 3019 adn.
591 2951 617 3016 1.
664 2950 730 3018 Sed
754 2948 844 3038 quod
872 2949 961 3018 idem
983 2972 1014 3037 p.
1030 2952 1152 3038 506sq.
1176 2951 1260 3018 dixit
1284 2952 1377 3035 ‘geht
1400 2952 1459 3019 der

177 3048 337 3133 Jsrngling
360 3050 451 3114 einer
474 3048 644 3115 schncllen
660 3048 911 3132 llntscheidung
934 3070 997 3116 aus
1014 3048 1088 3115 dem
1104 3049 1210 3131 Wege
1233 3049 1303 3115 und
1326 3048 1458 3115 verlttsst

177 3144 229 3212 die
260 3146 380 3212 Biihne
410 3145 608 3213 vermutlich
642 3147 729 3213 nach
760 3147 817 3213 der
848 3146 1032 3215 Stadtseite
1064 3168 1106 3212 zu
1138 3146 1258 3229 (rechts
1289 3168 1369 3213 vom
1391 3146 1456 3213 Zu-

176 3244 349 3328 schauerl',
373 3265 463 3311 nuno
485 3265 553 3310 non
577 3265 689 3311 meum
712 3248 765 3311 est
787 3248 896 3312 totam
918 3245 1007 3311 hanc
1027 3245 1268 3332 quaestionem,
1293 3266 1381 3331 quae
1404 3249 1457 3313 est

176 3339 217 3408 de
242 3341 359 3408 dextra
382 3363 422 3408 ac
444 3342 544 3409 laeua
574 3363 717 3409 scaenae
739 3346 844 3430 parte,
877 3344 920 3410 ab
952 3363 1016 3409 ouo
1043 3345 1234 3410 retractare.
1279 3343 1317 3410 ld
1339 3349 1457 3410 tamen

176 3437 283 3505 dicam
314 3440 449 3506 minime
481 3439 596 3507 deesse
624 3441 818 3508 testimonia
848 3463 867 3507 e
899 3440 1021 3527 quibus
1051 3443 1253 3507 contrariam
1284 3461 1323 3508 ac
1353 3461 1456 3530 quam

177 3536 337 3604 Dziatziro
354 3537 493 3625 protulit
515 3540 721 3605 sententiam
736 3559 852 3605 ueram
875 3560 950 3605 esse
973 3539 1196 3622 inteHegatur.
1227 3537 1343 3605 Tradit
1367 3539 1455 3605 enim

175 3633 312 3702 Tzetzes
330 3636 418 3702 Com.
435 3634 488 3702 Gr.
504 3637 554 3702 Fr.
570 3636 585 3701 I
607 3657 637 3722 p.
653 3636 706 3720 22,
720 3638 760 3703 81
786 3636 907 3702 Kaibel
922 3640 961 3702 dv
982 3636 1039 3702 οὖν
1055 3639 1102 3709 ὡς
1117 3639 1153 3701 ἐκ
1169 3638 1295 3709 πόλεως
1311 3639 1454 3722 ἐβάδιζεν

172 3733 256 3817 πρὸς
271 3734 306 3798 td
322 3736 467 3818 θέατρον,
492 3736 543 3799 διὰ
558 3743 613 3819 τῆς
629 3737 792 3819 ἀριστερᾶς
808 3737 925 3817 ἁψῖδος
941 3737 1072 3819 ἔβαινεν,
1096 3738 1135 3799 ἂν
1152 3736 1181 3799 δ’
1200 3737 1247 3807 ὡς
1263 3737 1318 3799 ἀπ’
1342 3738 1453 3820 ἀγροῦ,

174 3831 226 3896 διὰ
248 3839 304 3915 τῆς
332 3834 436 3907 δεξιᾶς
457 3834 491 3898 et
514 3831 632 3898 Pollux
648 3831 694 3897 IV
707 3831 771 3898 126
787 3863 831 3888 =
845 3852 876 3917 p.
892 3831 968 3913 238,
983 3833 1025 3898 18
1048 3831 1155 3898 Bothe
1178 3836 1197 3916 ἡ
1220 3834 1281 3917 μὲν
1305 3835 1391 3908 δεξιὰ
1414 3834 1452 3898 τὰ

173 3931 238 4003 ἔξω
261 3930 388 4001 πόλεως
412 3932 560 4014 δηλοῦσα,
584 3933 603 4014 ἡ
629 3932 659 3996 δ’
674 3933 763 4014 ἑτέρα
785 3931 824 3994 τὰ
841 3933 877 3994 ἐκ
892 3931 1026 4005 πόλεως,
1049 3932 1183 4014 μάλιστα
1205 3931 1242 3994 τὰ
1268 3933 1303 3995 ἐκ
1326 3933 1453 4015 λιμένος

173 4024 264 4112 apud
296 4047 394 4113 quem
426 4048 512 4112 quae
544 4030 731 4114 sequuntur
752 4049 783 4114 p.
799 4027 909 4110 23a3
932 4035 996 4094 τῶν
1026 4032 1134 4113 μένιοι
1163 4027 1320 4113 παρόδων
1349 4029 1378 4113 ἦ
1392 4030 1452 4113 μὲν

280 4257 299 4322 1)
318 4257 348 4308 οὗ
368 4254 417 4328 γὰρ
439 4256 570 4330 strowe
587 4259 683 4313 malim
706 4258 828 4314 scribere
849 4275 934 4330 quam
952 4257 1099 4331 εὐσεβ(ῶ>ι,
1123 4259 1199 4330 quod
1223 4260 1298 4316 unde
1318 4259 1449 4332 pendeat,

173 4340 270 4391 careat
286 4339 388 4404 uerbo;
407 4338 444 4392 ad
463 4336 593 4410 εὐσιβ<έ>ι
611 4339 696 4394 iacile
715 4337 786 4392 ἐστιν
804 4339 980 4397 subauditur.
1012 4379 1014 4383 ,

278 4418 298 4485 ²)
318 4417 353 4473 de
372 4415 496 4488 [κόβηινν
514 4419 550 4473 ef.
564 4434 590 4488 p.
603 4417 646 4474 99.

278 4498 297 4567 ⁸)
318 4497 401 4563 Sanc,
426 4498 451 4553 si
468 4495 579 4570 πάλκν>
605 4499 681 4570 quod
706 4499 829 4555 coniecit
846 4500 1014 4556 Herwerdcn
1035 4499 1172 4555 traditum
1190 4502 1273 4565 esset,
1299 4499 1451 4556 Menander

172 4590 257 4644 quam
282 4578 426 4648 eleganter
451 4578 637 4634 adulescentis
655 4580 876 4636 inconstantiam
900 4579 1151 4651 infirmitatemque
1175 4580 1261 4634 animi
1285 4578 1451 4650 depingeret

171 4654 363 4726 laudamus
376 4675 429 4714 nec
441 4675 509 4714 uero
525 4662 558 4713 ut
570 4659 646 4731 quod
658 4663 702 4715 est
712 4660 848 4715 traditum
860 4661 889 4715 id
898 4663 1047 4727 mutemus,
1058 4660 1113 4715 hoc
1126 4662 1323 4731 argumentum
1332 4659 1449 4720 sufficit
